@techreport{CMS-PAS-EXO-16-022,
      title         = "{Search for displaced leptons in the e-mu channel}",
      institution   = "CERN",
      collaboration = "CMS Collaboration",
      address       = "Geneva",
      number        = "CMS-PAS-EXO-16-022",
      year          = "2016",
      reportNumber  = "CMS-PAS-EXO-16-022",
      url           = "https://cds.cern.ch/record/2205146",
}

@article{Abbiendi:2003yd,
      author         = "Abbiendi, G. and others",
      title          = "{Search for stable and longlived massive charged
                        particles in e+ e- collisions at s**(1/2) = 130-GeV to
                        209-GeV}",
      collaboration  = "OPAL",
      journal        = "Phys. Lett.",
      volume         = "B572",
      year           = "2003",
      pages          = "8-20",
      doi            = "10.1016/S0370-2693(03)00639-7",
      eprint         = "hep-ex/0305031",
      archivePrefix  = "arXiv",
      primaryClass   = "hep-ex",
      reportNumber   = "CERN-EP-2003-016",
      SLACcitation   = "%%CITATION = HEP-EX/0305031;%%"
}

@article{Khachatryan:2016sfv,
      author         = "Khachatryan, Vardan and others",
      title          = "{Search for long-lived charged particles in proton-proton
                        collisions at $\sqrt s=$ 13??TeV}",
      collaboration  = "CMS",
      journal        = "Phys. Rev.",
      volume         = "D94",
      year           = "2016",
      number         = "11",
      pages          = "112004",
      doi            = "10.1103/PhysRevD.94.112004",
      eprint         = "1609.08382",
      archivePrefix  = "arXiv",
      primaryClass   = "hep-ex",
      reportNumber   = "CMS-EXO-15-010, CERN-EP-2016-204",
      SLACcitation   = "%%CITATION = ARXIV:1609.08382;%%"
}

@article{Curtin:2014cca,
      author         = "Curtin, David and Essig, Rouven and Gori, Stefania and
                        Shelton, Jessie",
      title          = "{Illuminating Dark Photons with High-Energy Colliders}",
      journal        = "JHEP",
      volume         = "02",
      year           = "2015",
      pages          = "157",
      doi            = "10.1007/JHEP02(2015)157",
      eprint         = "1412.0018",
      archivePrefix  = "arXiv",
      primaryClass   = "hep-ph",
      reportNumber   = "YITP-SB-14-49",
      SLACcitation   = "%%CITATION = ARXIV:1412.0018;%%"
}

@article{Degrande:2011ua,
      author         = "Degrande, Celine and Duhr, Claude and Fuks, Benjamin and
                        Grellscheid, David and Mattelaer, Olivier and Reiter,
                        Thomas",
      title          = "{UFO - The Universal FeynRules Output}",
      journal        = "Comput. Phys. Commun.",
      volume         = "183",
      year           = "2012",
      pages          = "1201-1214",
      doi            = "10.1016/j.cpc.2012.01.022",
      eprint         = "1108.2040",
      archivePrefix  = "arXiv",
      primaryClass   = "hep-ph",
      reportNumber   = "CP3-11-25, IPHC-PHENO-11-04, IPPP-11-39, DCPT-11-78,
                        MPP-2011-68",
      SLACcitation   = "%%CITATION = ARXIV:1108.2040;%%"
}

@article{Alwall:2014hca,
      author         = "Alwall, J. and Frederix, R. and Frixione, S. and Hirschi,
                        V. and Maltoni, F. and Mattelaer, O. and Shao, H. -S. and
                        Stelzer, T. and Torrielli, P. and Zaro, M.",
      title          = "{The automated computation of tree-level and
                        next-to-leading order differential cross sections, and
                        their matching to parton shower simulations}",
      journal        = "JHEP",
      volume         = "07",
      year           = "2014",
      pages          = "079",
      doi            = "10.1007/JHEP07(2014)079",
      eprint         = "1405.0301",
      archivePrefix  = "arXiv",
      primaryClass   = "hep-ph",
      reportNumber   = "CERN-PH-TH-2014-064, CP3-14-18, LPN14-066, MCNET-14-09,
                        ZU-TH-14-14",
      SLACcitation   = "%%CITATION = ARXIV:1405.0301;%%"
}

@article{Aad:2015kta,
      author         = "Aad, Georges and others",
      title          = "{Search for magnetic monopoles and stable particles with
                        high electric charges in 8 TeV $pp$ collisions with the
                        ATLAS detector}",
      collaboration  = "ATLAS",
      journal        = "Phys. Rev.",
      volume         = "D93",
      year           = "2016",
      number         = "5",
      pages          = "052009",
      doi            = "10.1103/PhysRevD.93.052009",
      eprint         = "1509.08059",
      archivePrefix  = "arXiv",
      primaryClass   = "hep-ex",
      reportNumber   = "CERN-PH-EP-2015-174",
      SLACcitation   = "%%CITATION = ARXIV:1509.08059;%%"
}

@article{Aad:2015rba,
      author         = "Aad, Georges and others",
      title          = "{Search for massive, long-lived particles using
                        multitrack displaced vertices or displaced lepton pairs in
                        pp collisions at $\sqrt{s}$ = 8 TeV with the ATLAS
                        detector}",
      collaboration  = "ATLAS",
      journal        = "Phys. Rev.",
      volume         = "D92",
      year           = "2015",
      number         = "7",
      pages          = "072004",
      doi            = "10.1103/PhysRevD.92.072004",
      eprint         = "1504.05162",
      archivePrefix  = "arXiv",
      primaryClass   = "hep-ex",
      reportNumber   = "CERN-PH-EP-2015-065",
      SLACcitation   = "%%CITATION = ARXIV:1504.05162;%%"
}

@article{Alves:2011wf,
      author         = "Alves, Daniele",
      editor         = "Arkani-Hamed, Nima and Arora, Sanjay and Bai, Yang and
                        Baumgart, Matthew and Berger, Joshua and Buckley, Matthew
                        and Butler, Bart and Chang, Spencer and Cheng, Hsin-Chia
                        and Cheung, Clifford and others ",
      title          = "{Simplified Models for LHC New Physics Searches}",
      collaboration  = "LHC New Physics Working Group",
      journal        = "J. Phys.",
      volume         = "G39",
      year           = "2012",
      pages          = "105005",
      doi            = "10.1088/0954-3899/39/10/105005",
      eprint         = "1105.2838",
      archivePrefix  = "arXiv",
      primaryClass   = "hep-ph",
      reportNumber   = "SLAC-PUB-15045, FERMILAB-PUB-11-842-A-PPD",
      SLACcitation   = "%%CITATION = ARXIV:1105.2838;%%"
}

@article{Sjostrand:2007gs,
      author         = "Sjostrand, Torbjorn and Mrenna, Stephen and Skands, Peter
                        Z.",
      title          = "{A Brief Introduction to PYTHIA 8.1}",
      journal        = "Comput. Phys. Commun.",
      volume         = "178",
      year           = "2008",
      pages          = "852-867",
      doi            = "10.1016/j.cpc.2008.01.036",
      eprint         = "0710.3820",
      archivePrefix  = "arXiv",
      primaryClass   = "hep-ph",
      reportNumber   = "CERN-LCGAPP-2007-04, LU-TP-07-28,
                        FERMILAB-PUB-07-512-CD-T",
      SLACcitation   = "%%CITATION = ARXIV:0710.3820;%%"
}

@article{Alwall:2011uj,
      author         = "Alwall, Johan and Herquet, Michel and Maltoni, Fabio and
                        Mattelaer, Olivier and Stelzer, Tim",
      title          = "{MadGraph 5 : Going Beyond}",
      journal        = "JHEP",
      volume         = "06",
      year           = "2011",
      pages          = "128",
      doi            = "10.1007/JHEP06(2011)128",
      eprint         = "1106.0522",
      archivePrefix  = "arXiv",
      primaryClass   = "hep-ph",
      reportNumber   = "FERMILAB-PUB-11-448-T",
      SLACcitation   = "%%CITATION = ARXIV:1106.0522;%%"
}
@article{Liu:2015bma,
      author         = "Liu, Zhen and Tweedie, Brock",
      title          = "{The Fate of Long-Lived Superparticles with Hadronic
                        Decays after LHC Run 1}",
      journal        = "JHEP",
      volume         = "06",
      year           = "2015",
      pages          = "042",
      doi            = "10.1007/JHEP06(2015)042",
      eprint         = "1503.05923",
      archivePrefix  = "arXiv",
      primaryClass   = "hep-ph",
      reportNumber   = "PITT-PACC-1503, FERMILAB-PUB-15-087-T",
      SLACcitation   = "%%CITATION = ARXIV:1503.05923;%%"
}
@article{Buccella:1985cs,
      author         = "Buccella, Franco and Farrar, Glennys R. and Pugliese,
                        Alessandra",
      title          = "{R BARYON MASSES}",
      journal        = "Phys. Lett.",
      volume         = "153B",
      year           = "1985",
      pages          = "311-314",
      doi            = "10.1016/0370-2693(85)90555-6",
      reportNumber   = "Print-85-0019 (IAS,PRINCETON)",
      SLACcitation   = "%%CITATION = PHLTA,153B,311;%%"
}
@article{Foster:1998wu,
      author         = "Foster, M. and Michael, Christopher",
      title          = "{Hadrons with a heavy color adjoint particle}",
      collaboration  = "UKQCD",
      journal        = "Phys. Rev.",
      volume         = "D59",
      year           = "1999",
      pages          = "094509",
      doi            = "10.1103/PhysRevD.59.094509",
      eprint         = "hep-lat/9811010",
      archivePrefix  = "arXiv",
      primaryClass   = "hep-lat",
      reportNumber   = "LTH-444",
      SLACcitation   = "%%CITATION = HEP-LAT/9811010;%%"
}
@article{Mackeprang:2009ad,
      author         = "Mackeprang, Rasmus and Milstead, David",
      title          = "{An Updated Description of Heavy-Hadron Interactions in
                        GEANT-4}",
      journal        = "Eur. Phys. J.",
      volume         = "C66",
      year           = "2010",
      pages          = "493-501",
      doi            = "10.1140/epjc/s10052-010-1262-1",
      eprint         = "0908.1868",
      archivePrefix  = "arXiv",
      primaryClass   = "hep-ph",
      SLACcitation   = "%%CITATION = ARXIV:0908.1868;%%"
}
@article{Farrar:2010ps,
      author         = "Farrar, G. R. and Mackeprang, R. and Milstead, D. and
                        Roberts, J. P.",
      title          = "{Limit on the mass of a long-lived or stable gluino}",
      journal        = "JHEP",
      volume         = "02",
      year           = "2011",
      pages          = "018",
      doi            = "10.1007/JHEP02(2011)018",
      eprint         = "1011.2964",
      archivePrefix  = "arXiv",
      primaryClass   = "hep-ph",
      SLACcitation   = "%%CITATION = ARXIV:1011.2964;%%"
}
@article{Agostinelli:2002hh,
      author         = "Agostinelli, S. and others",
      title          = "{GEANT4: A Simulation toolkit}",
      collaboration  = "GEANT4",
      journal        = "Nucl. Instrum. Meth.",
      volume         = "A506",
      year           = "2003",
      pages          = "250-303",
      doi            = "10.1016/S0168-9002(03)01368-8",
      reportNumber   = "SLAC-PUB-9350, FERMILAB-PUB-03-339",
      SLACcitation   = "%%CITATION = NUIMA,A506,250;%%"
}
@article{CMS:2016ybj,
      author         = "CMS Collaboration",
      title          = "{Search for heavy stable charged particles with
                        $12.9~\mathrm{fb}^{-1}$ of 2016 data}",
      collaboration  = "CMS",
      year           = "2016",
      reportNumber   = "CMS-PAS-EXO-16-036",
      SLACcitation   = "%%CITATION = CMS-PAS-EXO-16-036;%%"
}
@article{Aaboud:2016uth,
      author         = "Aaboud, Morad and others",
      title          = "{Search for heavy long-lived charged $R$-hadrons with the
                        ATLAS detector in 3.2 fb$^{-1}$ of proton--proton
                        collision data at $\sqrt{s} = 13$ TeV}",
      collaboration  = "ATLAS",
      journal        = "Phys. Lett.",
      volume         = "B760",
      year           = "2016",
      pages          = "647-665",
      doi            = "10.1016/j.physletb.2016.07.042",
      eprint         = "1606.05129",
      archivePrefix  = "arXiv",
      primaryClass   = "hep-ex",
      reportNumber   = "CERN-EP-2016-131",
      SLACcitation   = "%%CITATION = ARXIV:1606.05129;%%"
}
@article{Chacko:2005pe,
      author         = "Chacko, Z. and Goh, Hock-Seng and Harnik, Roni",
      title          = "{The Twin Higgs: Natural electroweak breaking from mirror
                        symmetry}",
      journal        = "Phys. Rev. Lett.",
      volume         = "96",
      year           = "2006",
      pages          = "231802",
      doi            = "10.1103/PhysRevLett.96.231802",
      eprint         = "hep-ph/0506256",
      archivePrefix  = "arXiv",
      primaryClass   = "hep-ph",
      SLACcitation   = "%%CITATION = HEP-PH/0506256;%%"
}

@article{Knapen:2016hky,
      author         = "Knapen, Simon and Pagan Griso, Simone and Papucci,
                        Michele and Robinson, Dean J.",
      title          = "{Triggering Soft Bombs at the LHC}",
      journal        = "JHEP",
      volume         = "08",
      year           = "2017",
      pages          = "076",
      doi            = "10.1007/JHEP08(2017)076",
      eprint         = "1612.00850",
      archivePrefix  = "arXiv",
      primaryClass   = "hep-ph",
      SLACcitation   = "%%CITATION = ARXIV:1612.00850;%%"
}

@article{Fan:2011yu,
      author         = "Fan, JiJi and Reece, Matthew and Ruderman, Joshua T.",
      title          = "{Stealth Supersymmetry}",
      journal        = "JHEP",
      volume         = "11",
      year           = "2011",
      pages          = "012",
      doi            = "10.1007/JHEP11(2011)012",
      eprint         = "1105.5135",
      archivePrefix  = "arXiv",
      primaryClass   = "hep-ph",
      SLACcitation   = "%%CITATION = ARXIV:1105.5135;%%"
}

@article{LHC-LLP,
      title          = "{LHC-LLP Community White Paper, \emph{to appear}}",
      year = "2017"
}

@article{Abdallah:2015ter,
      author         = "Abdallah, Jalal and others",
      title          = "{Simplified Models for Dark Matter Searches at the LHC}",
      journal        = "Phys. Dark Univ.",
      volume         = "9-10",
      year           = "2015",
      pages          = "8-23",
      doi            = "10.1016/j.dark.2015.08.001",
      eprint         = "1506.03116",
      archivePrefix  = "arXiv",
      primaryClass   = "hep-ph",
      reportNumber   = "FERMILAB-PUB-15-283-CD, CERN-PH-TH-2015-139",
      SLACcitation   = "%%CITATION = ARXIV:1506.03116;%%"
}

@article{Papucci:2011wy,
      author         = "Papucci, Michele and Ruderman, Joshua T. and Weiler,
                        Andreas",
      title          = "{Natural SUSY Endures}",
      journal        = "JHEP",
      volume         = "09",
      year           = "2012",
      pages          = "035",
      doi            = "10.1007/JHEP09(2012)035",
      eprint         = "1110.6926",
      archivePrefix  = "arXiv",
      primaryClass   = "hep-ph",
      reportNumber   = "DESY-11-193, CERN-PH-TH-265",
      SLACcitation   = "%%CITATION = ARXIV:1110.6926;%%"
}

@article{Falkowski:2010cm,
      author         = "Falkowski, Adam and Ruderman, Joshua T. and Volansky,
                        Tomer and Zupan, Jure",
      title          = "{Hidden Higgs Decaying to Lepton Jets}",
      journal        = "JHEP",
      volume         = "05",
      year           = "2010",
      pages          = "077",
      doi            = "10.1007/JHEP05(2010)077",
      eprint         = "1002.2952",
      archivePrefix  = "arXiv",
      primaryClass   = "hep-ph",
      SLACcitation   = "%%CITATION = ARXIV:1002.2952;%%"
}

@article{Izaguirre:2015zva,
      author         = "Izaguirre, Eder and Krnjaic, Gordan and Shuve, Brian",
      title          = "{Discovering Inelastic Thermal-Relic Dark Matter at
                        Colliders}",
      journal        = "Phys. Rev.",
      volume         = "D93",
      year           = "2016",
      number         = "6",
      pages          = "063523",
      doi            = "10.1103/PhysRevD.93.063523",
      eprint         = "1508.03050",
      archivePrefix  = "arXiv",
      primaryClass   = "hep-ph",
      SLACcitation   = "%%CITATION = ARXIV:1508.03050;%%"
}

@article{Bai:2011jg,
      author         = "Bai, Yang and Tait, Tim M. P.",
      title          = "{Inelastic Dark Matter at the LHC}",
      journal        = "Phys. Lett.",
      volume         = "B710",
      year           = "2012",
      pages          = "335-338",
      doi            = "10.1016/j.physletb.2012.03.011",
      eprint         = "1109.4144",
      archivePrefix  = "arXiv",
      primaryClass   = "hep-ph",
      reportNumber   = "SLAC-PUB-14573, UCI-HEP-TR-2011-20",
      SLACcitation   = "%%CITATION = ARXIV:1109.4144;%%"
}

@article{Bai:2015nfa,
      author         = "Bai, Yang and Bourbeau, James and Lin, Tongyan",
      title          = "{Dark matter searches with a mono-$Z^{?}$ jet}",
      journal        = "JHEP",
      volume         = "06",
      year           = "2015",
      pages          = "205",
      doi            = "10.1007/JHEP06(2015)205",
      eprint         = "1504.01395",
      archivePrefix  = "arXiv",
      primaryClass   = "hep-ph",
      SLACcitation   = "%%CITATION = ARXIV:1504.01395;%%"
}

@article{Primulando:2015lfa,
      author         = "Primulando, Reinard and Salvioni, Ennio and Tsai, Yuhsin",
      title          = "{The Dark Penguin Shines Light at Colliders}",
      journal        = "JHEP",
      volume         = "07",
      year           = "2015",
      pages          = "031",
      doi            = "10.1007/JHEP07(2015)031",
      eprint         = "1503.04204",
      archivePrefix  = "arXiv",
      primaryClass   = "hep-ph",
      SLACcitation   = "%%CITATION = ARXIV:1503.04204;%%"
}

@article{Baumgart:2009tn,
      author         = "Baumgart, Matthew and Cheung, Clifford and Ruderman,
                        Joshua T. and Wang, Lian-Tao and Yavin, Itay",
      title          = "{Non-Abelian Dark Sectors and Their Collider Signatures}",
      journal        = "JHEP",
      volume         = "04",
      year           = "2009",
      pages          = "014",
      doi            = "10.1088/1126-6708/2009/04/014",
      eprint         = "0901.0283",
      archivePrefix  = "arXiv",
      primaryClass   = "hep-ph",
      SLACcitation   = "%%CITATION = ARXIV:0901.0283;%%"
}

@article{Khoze:2017ixx,
      author         = "Khoze, Valentin V. and Plascencia, Alexis D. and Sakurai,
                        Kazuki",
      title          = "{Simplified models of dark matter with a long-lived
                        co-annihilation partner}",
      journal        = "JHEP",
      volume         = "06",
      year           = "2017",
      pages          = "041",
      doi            = "10.1007/JHEP06(2017)041",
      eprint         = "1702.00750",
      archivePrefix  = "arXiv",
      primaryClass   = "hep-ph",
      reportNumber   = "IPPP-17-8",
      SLACcitation   = "%%CITATION = ARXIV:1702.00750;%%"
}

@article{Tulin:2012wi,
      author         = "Tulin, Sean and Yu, Hai-Bo and Zurek, Kathryn M.",
      title          = "{Resonant Dark Forces and Small Scale Structure}",
      journal        = "Phys. Rev. Lett.",
      volume         = "110",
      year           = "2013",
      number         = "11",
      pages          = "111301",
      doi            = "10.1103/PhysRevLett.110.111301",
      eprint         = "1210.0900",
      archivePrefix  = "arXiv",
      primaryClass   = "hep-ph",
      reportNumber   = "MCTP-12-27",
      SLACcitation   = "%%CITATION = ARXIV:1210.0900;%%"
}

@article{Buckley:2009in,
      author         = "Buckley, Matthew R. and Fox, Patrick J.",
      title          = "{Dark Matter Self-Interactions and Light Force Carriers}",
      journal        = "Phys. Rev.",
      volume         = "D81",
      year           = "2010",
      pages          = "083522",
      doi            = "10.1103/PhysRevD.81.083522",
      eprint         = "0911.3898",
      archivePrefix  = "arXiv",
      primaryClass   = "hep-ph",
      reportNumber   = "FERMILAB-PUB-09-560-T",
      SLACcitation   = "%%CITATION = ARXIV:0911.3898;%%"
}

@article{Feng:2009hw,
      author         = "Feng, Jonathan L. and Kaplinghat, Manoj and Yu, Hai-Bo",
      title          = "{Halo Shape and Relic Density Exclusions of
                        Sommerfeld-Enhanced Dark Matter Explanations of Cosmic Ray
                        Excesses}",
      journal        = "Phys. Rev. Lett.",
      volume         = "104",
      year           = "2010",
      pages          = "151301",
      doi            = "10.1103/PhysRevLett.104.151301",
      eprint         = "0911.0422",
      archivePrefix  = "arXiv",
      primaryClass   = "hep-ph",
      reportNumber   = "UCI-TR-2009-12",
      SLACcitation   = "%%CITATION = ARXIV:0911.0422;%%"
}

@article{ArkaniHamed:2008qn,
      author         = "Arkani-Hamed, Nima and Finkbeiner, Douglas P. and
                        Slatyer, Tracy R. and Weiner, Neal",
      title          = "{A Theory of Dark Matter}",
      journal        = "Phys. Rev.",
      volume         = "D79",
      year           = "2009",
      pages          = "015014",
      doi            = "10.1103/PhysRevD.79.015014",
      eprint         = "0810.0713",
      archivePrefix  = "arXiv",
      primaryClass   = "hep-ph",
      SLACcitation   = "%%CITATION = ARXIV:0810.0713;%%"
}

@article{Pospelov:2007mp,
      author         = "Pospelov, Maxim and Ritz, Adam and Voloshin, Mikhail B.",
      title          = "{Secluded WIMP Dark Matter}",
      journal        = "Phys. Lett.",
      volume         = "B662",
      year           = "2008",
      pages          = "53-61",
      doi            = "10.1016/j.physletb.2008.02.052",
      eprint         = "0711.4866",
      archivePrefix  = "arXiv",
      primaryClass   = "hep-ph",
      SLACcitation   = "%%CITATION = ARXIV:0711.4866;%%"
}

@article{Boehm:2003ha,
      author         = "Boehm, C. and Fayet, Pierre and Silk, J.",
      title          = "{Light and heavy dark matter particles}",
      journal        = "Phys. Rev.",
      volume         = "D69",
      year           = "2004",
      pages          = "101302",
      doi            = "10.1103/PhysRevD.69.101302",
      eprint         = "hep-ph/0311143",
      archivePrefix  = "arXiv",
      primaryClass   = "hep-ph",
      SLACcitation   = "%%CITATION = HEP-PH/0311143;%%"
}

@article{Boehm:2003hm,
      author         = "Boehm, C. and Fayet, Pierre",
      title          = "{Scalar dark matter candidates}",
      journal        = "Nucl. Phys.",
      volume         = "B683",
      year           = "2004",
      pages          = "219-263",
      doi            = "10.1016/j.nuclphysb.2004.01.015",
      eprint         = "hep-ph/0305261",
      archivePrefix  = "arXiv",
      primaryClass   = "hep-ph",
      SLACcitation   = "%%CITATION = HEP-PH/0305261;%%"
}

@article{ArkaniHamed:2008qp,
      author         = "Arkani-Hamed, Nima and Weiner, Neal",
      title          = "{LHC Signals for a SuperUnified Theory of Dark Matter}",
      journal        = "JHEP",
      volume         = "12",
      year           = "2008",
      pages          = "104",
      doi            = "10.1088/1126-6708/2008/12/104",
      eprint         = "0810.0714",
      archivePrefix  = "arXiv",
      primaryClass   = "hep-ph",
      SLACcitation   = "%%CITATION = ARXIV:0810.0714;%%"
}

@article{Langacker:2008yv,
      author         = "Langacker, Paul",
      title          = "{The Physics of Heavy $Z^\prime$ Gauge Bosons}",
      journal        = "Rev. Mod. Phys.",
      volume         = "81",
      year           = "2009",
      pages          = "1199-1228",
      doi            = "10.1103/RevModPhys.81.1199",
      eprint         = "0801.1345",
      archivePrefix  = "arXiv",
      primaryClass   = "hep-ph",
      SLACcitation   = "%%CITATION = ARXIV:0801.1345;%%"
}

@article{Holdom:1985ag,
      author         = "Holdom, Bob",
      title          = "{Two U(1)'s and Epsilon Charge Shifts}",
      journal        = "Phys. Lett.",
      volume         = "166B",
      year           = "1986",
      pages          = "196-198",
      doi            = "10.1016/0370-2693(86)91377-8",
      reportNumber   = "UTPT-85-30",
      SLACcitation   = "%%CITATION = PHLTA,166B,196;%%"
}

@article{Perez:2009mu,
      author         = "Fileviez Perez, Pavel and Han, Tao and Li, Tong",
      title          = "{Testability of Type I Seesaw at the CERN LHC: Revealing
                        the Existence of the B-L Symmetry}",
      journal        = "Phys. Rev.",
      volume         = "D80",
      year           = "2009",
      pages          = "073015",
      doi            = "10.1103/PhysRevD.80.073015",
      eprint         = "0907.4186",
      archivePrefix  = "arXiv",
      primaryClass   = "hep-ph",
      reportNumber   = "MADPH-09-1534",
      SLACcitation   = "%%CITATION = ARXIV:0907.4186;%%"
}

@article{Basso:2008iv,
      author         = "Basso, Lorenzo and Belyaev, Alexander and Moretti,
                        Stefano and Shepherd-Themistocleous, Claire H.",
      title          = "{Phenomenology of the minimal B-L extension of the
                        Standard model: Z' and neutrinos}",
      journal        = "Phys. Rev.",
      volume         = "D80",
      year           = "2009",
      pages          = "055030",
      doi            = "10.1103/PhysRevD.80.055030",
      eprint         = "0812.4313",
      archivePrefix  = "arXiv",
      primaryClass   = "hep-ph",
      reportNumber   = "SHEP-08-13",
      SLACcitation   = "%%CITATION = ARXIV:0812.4313;%%"
}

@article{Mohapatra:1986bd,
      author         = "Mohapatra, R. N. and Valle, J. W. F.",
      title          = "{Neutrino Mass and Baryon Number Nonconservation in
                        Superstring Models}",
      booktitle      = "{Proceedings, 23RD International Conference on High
                        Energy Physics, JULY 16-23, 1986, Berkeley, CA}",
      journal        = "Phys. Rev.",
      volume         = "D34",
      year           = "1986",
      pages          = "1642",
      doi            = "10.1103/PhysRevD.34.1642",
      reportNumber   = "MdDP-PP-86-127",
      SLACcitation   = "%%CITATION = PHRVA,D34,1642;%%"
}

@article{Mohapatra:1979ia,
      author         = "Mohapatra, Rabindra N. and Senjanovic, Goran",
      title          = "{Neutrino Mass and Spontaneous Parity Violation}",
      journal        = "Phys. Rev. Lett.",
      volume         = "44",
      year           = "1980",
      pages          = "912",
      doi            = "10.1103/PhysRevLett.44.912",
      reportNumber   = "MDDP-TR-80-060, MDDP-PP-80-105, CCNY-HEP-79-10",
      SLACcitation   = "%%CITATION = PRLTA,44,912;%%"
}

@article{Yanagida:1979as,
      author         = "Yanagida, Tsutomu",
      title          = "{HORIZONTAL SYMMETRY AND MASSES OF NEUTRINOS}",
      booktitle      = "{Proceedings: Workshop on the Unified Theories and the
                        Baryon Number in the Universe: Tsukuba, Japan, February
                        13-14, 1979}",
      journal        = "Conf. Proc.",
      volume         = "C7902131",
      year           = "1979",
      pages          = "95-99",
      reportNumber   = "KEK-79-18-95",
      SLACcitation   = "%%CITATION = CONFP,C7902131,95;%%"
}

@article{Minkowski:1977sc,
      author         = "Minkowski, Peter",
      title          = "{$\mu \to e\gamma$ at a Rate of One Out of $10^{9}$ Muon
                        Decays?}",
      journal        = "Phys. Lett.",
      volume         = "67B",
      year           = "1977",
      pages          = "421-428",
      doi            = "10.1016/0370-2693(77)90435-X",
      reportNumber   = "Print-77-0182 (BERN)",
      SLACcitation   = "%%CITATION = PHLTA,67B,421;%%"
}

@article{Silveira:1985rk,
      author         = "Silveira, Vanda and Zee, A.",
      title          = "{SCALAR PHANTOMS}",
      journal        = "Phys. Lett.",
      volume         = "161B",
      year           = "1985",
      pages          = "136-140",
      doi            = "10.1016/0370-2693(85)90624-0",
      reportNumber   = "DOE-ER-40048-13 P5",
      SLACcitation   = "%%CITATION = PHLTA,161B,136;%%"
}

@article{Curtin:2013fra,
      author         = "Curtin, David and others",
      title          = "{Exotic decays of the 125 GeV Higgs boson}",
      journal        = "Phys. Rev.",
      volume         = "D90",
      year           = "2014",
      number         = "7",
      pages          = "075004",
      doi            = "10.1103/PhysRevD.90.075004",
      eprint         = "1312.4992",
      archivePrefix  = "arXiv",
      primaryClass   = "hep-ph",
      reportNumber   = "YITP-13-47, PITT-PACC-1314",
      SLACcitation   = "%%CITATION = ARXIV:1312.4992;%%"
}

@article{Craig:2015pha,
      author         = "Craig, Nathaniel and Katz, Andrey and Strassler, Matt and
                        Sundrum, Raman",
      title          = "{Naturalness in the Dark at the LHC}",
      journal        = "JHEP",
      volume         = "07",
      year           = "2015",
      pages          = "105",
      doi            = "10.1007/JHEP07(2015)105",
      eprint         = "1501.05310",
      archivePrefix  = "arXiv",
      primaryClass   = "hep-ph",
      reportNumber   = "UMD-PP-014-028, CERN-PH-TH-2014-263",
      SLACcitation   = "%%CITATION = ARXIV:1501.05310;%%"
}

@article{Burdman:2006tz,
      author         = "Burdman, Gustavo and Chacko, Z. and Goh, Hock-Seng and
                        Harnik, Roni",
      title          = "{Folded supersymmetry and the LEP paradox}",
      journal        = "JHEP",
      volume         = "02",
      year           = "2007",
      pages          = "009",
      doi            = "10.1088/1126-6708/2007/02/009",
      eprint         = "hep-ph/0609152",
      archivePrefix  = "arXiv",
      primaryClass   = "hep-ph",
      reportNumber   = "SLAC-PUB-12115",
      SLACcitation   = "%%CITATION = HEP-PH/0609152;%%"
}

@article{Khachatryan:2014jba,
      author         = "Khachatryan, Vardan and others",
      title          = "{Precise determination of the mass of the Higgs boson and
                        tests of compatibility of its couplings with the standard
                        model predictions using proton collisions at 7 and 8
                        $\,\text {TeV}$}",
      collaboration  = "CMS",
      journal        = "Eur. Phys. J.",
      volume         = "C75",
      year           = "2015",
      number         = "5",
      pages          = "212",
      doi            = "10.1140/epjc/s10052-015-3351-7",
      eprint         = "1412.8662",
      archivePrefix  = "arXiv",
      primaryClass   = "hep-ex",
      reportNumber   = "CMS-HIG-14-009, CERN-PH-EP-2014-288",
      SLACcitation   = "%%CITATION = ARXIV:1412.8662;%%"
}

@article{Aad:2015pla,
      author         = "Aad, Georges and others",
      title          = "{Constraints on new phenomena via Higgs boson couplings
                        and invisible decays with the ATLAS detector}",
      collaboration  = "ATLAS",
      journal        = "JHEP",
      volume         = "11",
      year           = "2015",
      pages          = "206",
      doi            = "10.1007/JHEP11(2015)206",
      eprint         = "1509.00672",
      archivePrefix  = "arXiv",
      primaryClass   = "hep-ex",
      reportNumber   = "CERN-PH-EP-2015-191",
      SLACcitation   = "%%CITATION = ARXIV:1509.00672;%%"
}

@article{ArkaniHamed:2004fb,
      author         = "Arkani-Hamed, Nima and Dimopoulos, Savas",
      title          = "{Supersymmetric unification without low energy
                        supersymmetry and signatures for fine-tuning at the LHC}",
      journal        = "JHEP",
      volume         = "06",
      year           = "2005",
      pages          = "073",
      doi            = "10.1088/1126-6708/2005/06/073",
      eprint         = "hep-th/0405159",
      archivePrefix  = "arXiv",
      primaryClass   = "hep-th",
      SLACcitation   = "%%CITATION = HEP-TH/0405159;%%"
}

@article{Barbier:2004ez,
      author         = "Barbier, R. and others",
      title          = "{R-parity violating supersymmetry}",
      journal        = "Phys. Rept.",
      volume         = "420",
      year           = "2005",
      pages          = "1-202",
      doi            = "10.1016/j.physrep.2005.08.006",
      eprint         = "hep-ph/0406039",
      archivePrefix  = "arXiv",
      primaryClass   = "hep-ph",
      SLACcitation   = "%%CITATION = HEP-PH/0406039;%%"
}

@article{Dimopoulos:1996vz,
      author         = "Dimopoulos, Savas and Dine, Michael and Raby, Stuart and
                        Thomas, Scott D.",
      title          = "{Experimental signatures of low-energy gauge mediated
                        supersymmetry breaking}",
      journal        = "Phys. Rev. Lett.",
      volume         = "76",
      year           = "1996",
      pages          = "3494-3497",
      doi            = "10.1103/PhysRevLett.76.3494",
      eprint         = "hep-ph/9601367",
      archivePrefix  = "arXiv",
      primaryClass   = "hep-ph",
      reportNumber   = "SLAC-PUB-7104, SCIPP-96-08",
      SLACcitation   = "%%CITATION = HEP-PH/9601367;%%"
}

@article{Brust:2011tb,
      author         = "Brust, Christopher and Katz, Andrey and Lawrence, Scott
                        and Sundrum, Raman",
      title          = "{SUSY, the Third Generation and the LHC}",
      journal        = "JHEP",
      volume         = "03",
      year           = "2012",
      pages          = "103",
      doi            = "10.1007/JHEP03(2012)103",
      eprint         = "1110.6670",
      archivePrefix  = "arXiv",
      primaryClass   = "hep-ph",
      reportNumber   = "UMD-PP-011-017",
      SLACcitation   = "%%CITATION = ARXIV:1110.6670;%%"
}

@article{Essig:2011qg,
      author         = "Essig, Rouven and Izaguirre, Eder and Kaplan, Jared and
                        Wacker, Jay G.",
      title          = "{Heavy Flavor Simplified Models at the LHC}",
      journal        = "JHEP",
      volume         = "01",
      year           = "2012",
      pages          = "074",
      doi            = "10.1007/JHEP01(2012)074",
      eprint         = "1110.6443",
      archivePrefix  = "arXiv",
      primaryClass   = "hep-ph",
      reportNumber   = "YITP-SB-11-34, SLAC-PUB-14658",
      SLACcitation   = "%%CITATION = ARXIV:1110.6443;%%"
}

@article{Buchmueller:2017uqu,
      author         = "Buchmueller, Oliver and De Roeck, Albert and Hahn,
                        Kristian and McCullough, Matthew and Schwaller, Pedro and
                        Sung, Kevin and Yu, Tien-Tien",
      title          = "{Simplified Models for Displaced Dark Matter Signatures}",
      journal        = "JHEP",
      volume         = "09",
      year           = "2017",
      pages          = "076",
      doi            = "10.1007/JHEP09(2017)076",
      eprint         = "1704.06515",
      archivePrefix  = "arXiv",
      primaryClass   = "hep-ph",
      reportNumber   = "MITP-17-025, CERN-TH-2017-091",
      SLACcitation   = "%%CITATION = ARXIV:1704.06515;%%"
}

@article{Chen:1995yu,
      author         = "Chen, C. H. and Drees, Manuel and Gunion, J. F.",
      title          = "{Searching for invisible and almost invisible particles
                        at e+ e- colliders}",
      journal        = "Phys. Rev. Lett.",
      volume         = "76",
      year           = "1996",
      pages          = "2002-2005",
      doi            = "10.1103/PhysRevLett.76.2002",
      eprint         = "hep-ph/9512230",
      archivePrefix  = "arXiv",
      primaryClass   = "hep-ph",
      reportNumber   = "UCD-95-43, MADPH-95-918",
      SLACcitation   = "%%CITATION = HEP-PH/9512230;%%"
}

@article{Thomas:1998wy,
      author         = "Thomas, Scott D. and Wells, James D.",
      title          = "{Phenomenology of Massive Vectorlike Doublet Leptons}",
      journal        = "Phys. Rev. Lett.",
      volume         = "81",
      year           = "1998",
      pages          = "34-37",
      doi            = "10.1103/PhysRevLett.81.34",
      eprint         = "hep-ph/9804359",
      archivePrefix  = "arXiv",
      primaryClass   = "hep-ph",
      reportNumber   = "SLAC-PUB-7799, SU-ITP-98-22",
      SLACcitation   = "%%CITATION = HEP-PH/9804359;%%"
}

@article{Strassler:2006im,
      author         = "Strassler, Matthew J. and Zurek, Kathryn M.",
      title          = "{Echoes of a hidden valley at hadron colliders}",
      journal        = "Phys. Lett.",
      volume         = "B651",
      year           = "2007",
      pages          = "374-379",
      doi            = "10.1016/j.physletb.2007.06.055",
      eprint         = "hep-ph/0604261",
      archivePrefix  = "arXiv",
      primaryClass   = "hep-ph",
      SLACcitation   = "%%CITATION = HEP-PH/0604261;%%"
}

@article{Strassler:2006ri,
      author         = "Strassler, Matthew J. and Zurek, Kathryn M.",
      title          = "{Discovering the Higgs through highly-displaced
                        vertices}",
      journal        = "Phys. Lett.",
      volume         = "B661",
      year           = "2008",
      pages          = "263-267",
      doi            = "10.1016/j.physletb.2008.02.008",
      eprint         = "hep-ph/0605193",
      archivePrefix  = "arXiv",
      primaryClass   = "hep-ph",
      SLACcitation   = "%%CITATION = HEP-PH/0605193;%%"
}

@article{Feng:1999fu,
      author         = "Feng, Jonathan L. and Moroi, Takeo and Randall, Lisa and
                        Strassler, Matthew and Su, Shu-fang",
      title          = "{Discovering supersymmetry at the Tevatron in wino LSP
                        scenarios}",
      journal        = "Phys. Rev. Lett.",
      volume         = "83",
      year           = "1999",
      pages          = "1731-1734",
      doi            = "10.1103/PhysRevLett.83.1731",
      eprint         = "hep-ph/9904250",
      archivePrefix  = "arXiv",
      primaryClass   = "hep-ph",
      reportNumber   = "IASSNS-HEP-99-19, MIT-CTP-2830, PUPT-1857",
      SLACcitation   = "%%CITATION = HEP-PH/9904250;%%"
}

@article{ATLAS-CONF-2016-103,
      title         = "{Search for long-lived neutral particles decaying in the
                       hadronic calorimeter of ATLAS at $\sqrt{s} =
                       13~\mathrm{TeV}$ in $3.2~\mathrm{fb^{-1}}$ of data}",
      institution   = "CERN",
      collaboration = "ATLAS Collaboration",
      address       = "Geneva",
      number        = "ATLAS-CONF-2016-103",
      month         = "Sep",
      year          = "2016",
      reportNumber  = "ATLAS-CONF-2016-103",
      url           = "http://cds.cern.ch/record/2219571",
}

@article{CMS:2014wda,
      author         = "Khachatryan, Vardan and others",
      title          = "{Search for Long-Lived Neutral Particles Decaying to
                        Quark-Antiquark Pairs in Proton-Proton Collisions at
                        $\sqrt{s} =$ 8 TeV}",
      collaboration  = "CMS",
      journal        = "Phys. Rev.",
      volume         = "D91",
      year           = "2015",
      number         = "1",
      pages          = "012007",
      doi            = "10.1103/PhysRevD.91.012007",
      eprint         = "1411.6530",
      archivePrefix  = "arXiv",
      primaryClass   = "hep-ex",
      reportNumber   = "CMS-EXO-12-038, CERN-PH-EP-2014-256",
      SLACcitation   = "%%CITATION = ARXIV:1411.6530;%%"
}

@article{Aad:2015uaa,
      author         = "Aad, Georges and others",
      title          = "{Search for long-lived, weakly interacting particles that
                        decay to displaced hadronic jets in proton-proton
                        collisions at $\sqrt{s}=8$ TeV with the ATLAS detector}",
      booktitle      = "{Proceedings, Meeting of the APS Division of Particles
                        and Fields (DPF 2015): Ann Arbor, Michigan, USA, 4-8 Aug
                        2015}",
      collaboration  = "ATLAS",
      journal        = "Phys. Rev.",
      volume         = "D92",
      year           = "2015",
      number         = "1",
      pages          = "012010",
      doi            = "10.1103/PhysRevD.92.012010",
      eprint         = "1504.03634",
      archivePrefix  = "arXiv",
      primaryClass   = "hep-ex",
      reportNumber   = "CERN-PH-EP-2015-071",
      SLACcitation   = "%%CITATION = ARXIV:1504.03634;%%"
}

@article{Aad:2015asa,
      author         = "Aad, Georges and others",
      title          = "{Search for pair-produced long-lived neutral particles
                        decaying in the ATLAS hadronic calorimeter in $pp$
                        collisions at $\sqrt{s}$ = 8 TeV}",
      collaboration  = "ATLAS",
      journal        = "Phys. Lett.",
      volume         = "B743",
      year           = "2015",
      pages          = "15-34",
      doi            = "10.1016/j.physletb.2015.02.015",
      eprint         = "1501.04020",
      archivePrefix  = "arXiv",
      primaryClass   = "hep-ex",
      reportNumber   = "CERN-PH-EP-2014-228",
      SLACcitation   = "%%CITATION = ARXIV:1501.04020;%%"
}