@article{ATLAS-CONF-2016-103,
      title         = "{Search for long-lived neutral particles decaying in the
                       hadronic calorimeter of ATLAS at $\sqrt{s} =
                       13~\mathrm{TeV}$ in $3.2~\mathrm{fb^{-1}}$ of data}",
      institution   = "CERN",
      collaboration = "ATLAS Collaboration",
      address       = "Geneva",
      number        = "ATLAS-CONF-2016-103",
      month         = "Sep",
      year          = "2016",
      reportNumber  = "ATLAS-CONF-2016-103",
      url           = "http://cds.cern.ch/record/2219571",
}

@article{CMS:2014wda,
      author         = "Khachatryan, Vardan and others",
      title          = "{Search for Long-Lived Neutral Particles Decaying to
                        Quark-Antiquark Pairs in Proton-Proton Collisions at
                        $\sqrt{s} =$ 8 TeV}",
      collaboration  = "CMS",
      journal        = "Phys. Rev.",
      volume         = "D91",
      year           = "2015",
      number         = "1",
      pages          = "012007",
      doi            = "10.1103/PhysRevD.91.012007",
      eprint         = "1411.6530",
      archivePrefix  = "arXiv",
      primaryClass   = "hep-ex",
      reportNumber   = "CMS-EXO-12-038, CERN-PH-EP-2014-256",
      SLACcitation   = "%%CITATION = ARXIV:1411.6530;%%"
}

@article{Aad:2015uaa,
      author         = "Aad, Georges and others",
      title          = "{Search for long-lived, weakly interacting particles that
                        decay to displaced hadronic jets in proton-proton
                        collisions at $\sqrt{s}=8$ TeV with the ATLAS detector}",
      booktitle      = "{Proceedings, Meeting of the APS Division of Particles
                        and Fields (DPF 2015): Ann Arbor, Michigan, USA, 4-8 Aug
                        2015}",
      collaboration  = "ATLAS",
      journal        = "Phys. Rev.",
      volume         = "D92",
      year           = "2015",
      number         = "1",
      pages          = "012010",
      doi            = "10.1103/PhysRevD.92.012010",
      eprint         = "1504.03634",
      archivePrefix  = "arXiv",
      primaryClass   = "hep-ex",
      reportNumber   = "CERN-PH-EP-2015-071",
      SLACcitation   = "%%CITATION = ARXIV:1504.03634;%%"
}

@article{Aad:2015asa,
      author         = "Aad, Georges and others",
      title          = "{Search for pair-produced long-lived neutral particles
                        decaying in the ATLAS hadronic calorimeter in $pp$
                        collisions at $\sqrt{s}$ = 8 TeV}",
      collaboration  = "ATLAS",
      journal        = "Phys. Lett.",
      volume         = "B743",
      year           = "2015",
      pages          = "15-34",
      doi            = "10.1016/j.physletb.2015.02.015",
      eprint         = "1501.04020",
      archivePrefix  = "arXiv",
      primaryClass   = "hep-ex",
      reportNumber   = "CERN-PH-EP-2014-228",
      SLACcitation   = "%%CITATION = ARXIV:1501.04020;%%"
}