@article{Abercrombie:2015wmb,
      author         = "Abercrombie, Daniel and others",
      editor         = "Boveia, Antonio and Doglioni, Caterina and Lowette,
                        Steven and Malik, Sarah and Mrenna, Stephen",
      title          = "{Dark Matter Benchmark Models for Early LHC Run-2
                        Searches: Report of the ATLAS/CMS Dark Matter Forum}",
      year           = "2015",
      eprint         = "1507.00966",
      archivePrefix  = "arXiv",
      primaryClass   = "hep-ex",
      reportNumber   = "FERMILAB-PUB-15-282-CD",
      SLACcitation   = "%%CITATION = ARXIV:1507.00966;%%"
}

@article{Chatrchyan:2013sza,
      author         = "Chatrchyan, Serguei and others",
      title          = "{Interpretation of Searches for Supersymmetry with
                        simplified Models}",
      collaboration  = "CMS",
      journal        = "Phys. Rev.",
      volume         = "D88",
      year           = "2013",
      number         = "5",
      pages          = "052017",
      doi            = "10.1103/PhysRevD.88.052017",
      eprint         = "1301.2175",
      archivePrefix  = "arXiv",
      primaryClass   = "hep-ex",
      reportNumber   = "CMS-SUS-11-016, CERN-PH-EP-2012-351",
      SLACcitation   = "%%CITATION = ARXIV:1301.2175;%%"
}

@article{Cranmer:2010hk,
      author         = "Cranmer, Kyle and Yavin, Itay",
      title          = "{RECAST: Extending the Impact of Existing Analyses}",
      journal        = "JHEP",
      volume         = "04",
      year           = "2011",
      pages          = "038",
      doi            = "10.1007/JHEP04(2011)038",
      eprint         = "1010.2506",
      archivePrefix  = "arXiv",
      primaryClass   = "hep-ex",
      SLACcitation   = "%%CITATION = ARXIV:1010.2506;%%"
}

@article{Cacciari:2008gp,
      author         = "Cacciari, Matteo and Salam, Gavin P. and Soyez, Gregory",
      title          = "{The Anti-k(t) jet clustering algorithm}",
      journal        = "JHEP",
      volume         = "04",
      year           = "2008",
      pages          = "063",
      doi            = "10.1088/1126-6708/2008/04/063",
      eprint         = "0802.1189",
      archivePrefix  = "arXiv",
      primaryClass   = "hep-ph",
      reportNumber   = "LPTHE-07-03",
      SLACcitation   = "%%CITATION = ARXIV:0802.1189;%%"
}

@article{CMS:2016isf,
      author         = "CMS Collaboration",
      title          = "{Search for displaced leptons in the e-mu channel}",
      collaboration  = "CMS",
      year           = "2016",
      reportNumber   = "CMS-PAS-EXO-16-022",
      SLACcitation   = "%%CITATION = CMS-PAS-EXO-16-022;%%"
}

@article{Dobbs:2001ck,
      author         = "Dobbs, Matt and Hansen, Jorgen Beck",
      title          = "{The HepMC C++ Monte Carlo event record for High Energy
                        Physics}",
      journal        = "Comput. Phys. Commun.",
      volume         = "134",
      year           = "2001",
      pages          = "41-46",
      doi            = "10.1016/S0010-4655(00)00189-2",
      reportNumber   = "ATL-SOFT-2000-001",
      SLACcitation   = "%%CITATION = CPHCB,134,41;%%"
}

