@article{Craig:2015pha,
      author         = "Craig, Nathaniel and Katz, Andrey and Strassler, Matt and
                        Sundrum, Raman",
      title          = "{Naturalness in the Dark at the LHC}",
      journal        = "JHEP",
      volume         = "07",
      year           = "2015",
      pages          = "105",
      doi            = "10.1007/JHEP07(2015)105",
      eprint         = "1501.05310",
      archivePrefix  = "arXiv",
      primaryClass   = "hep-ph",
      reportNumber   = "UMD-PP-014-028, CERN-PH-TH-2014-263",
      SLACcitation   = "%%CITATION = ARXIV:1501.05310;%%"
}

@article{Sirunyan:2017wto,
      author         = "Sirunyan, Albert M and others",
      title          = "{Search for heavy resonances that decay into a vector
                        boson and a Higgs boson in hadronic final states at
                        $\sqrt{s} = 13$ $\,\text {TeV}$}",
      collaboration  = "CMS",
      journal        = "Eur. Phys. J.",
      volume         = "C77",
      year           = "2017",
      number         = "9",
      pages          = "636",
      doi            = "10.1140/epjc/s10052-017-5192-z",
      eprint         = "1707.01303",
      archivePrefix  = "arXiv",
      primaryClass   = "hep-ex",
      reportNumber   = "CMS-B2G-17-002, CERN-EP-2017-128",
      SLACcitation   = "%%CITATION = ARXIV:1707.01303;%%"
}

@article{Sirunyan:2017wto,
      author         = "Sirunyan, Albert M and others",
      title          = "{Search for heavy resonances that decay into a vector
                        boson and a Higgs boson in hadronic final states at
                        $\sqrt{s} = 13$ $\,\text {TeV}$}",
      collaboration  = "CMS",
      journal        = "Eur. Phys. J.",
      volume         = "C77",
      year           = "2017",
      number         = "9",
      pages          = "636",
      doi            = "10.1140/epjc/s10052-017-5192-z",
      eprint         = "1707.01303",
      archivePrefix  = "arXiv",
      primaryClass   = "hep-ex",
      reportNumber   = "CMS-B2G-17-002, CERN-EP-2017-128",
      SLACcitation   = "%%CITATION = ARXIV:1707.01303;%%"
}



@article{showersinprogress,
      author         = "Cesarotti, Cari and Reece, Matthew and Strassler, Matthew J.",
      title          = "{To appear}",
      year           = "2018"
      }

@article{Strassler:2006qa,
      author         = "Strassler, Matthew J.",
      title          = "{Possible effects of a hidden valley on supersymmetric
                        phenomenology}",
      year           = "2006",
      eprint         = "hep-ph/0607160",
      archivePrefix  = "arXiv",
      primaryClass   = "hep-ph",
      SLACcitation   = "%%CITATION = HEP-PH/0607160;%%"
}

@article{Strassler:2006ri,
      author         = "Strassler, Matthew J. and Zurek, Kathryn M.",
      title          = "{Discovering the Higgs through highly-displaced
                        vertices}",
      journal        = "Phys. Lett.",
      volume         = "B661",
      year           = "2008",
      pages          = "263-267",
      doi            = "10.1016/j.physletb.2008.02.008",
      eprint         = "hep-ph/0605193",
      archivePrefix  = "arXiv",
      primaryClass   = "hep-ph",
      SLACcitation   = "%%CITATION = HEP-PH/0605193;%%"
}

@article{Han:2007ae,
      author         = "Han, Tao and Si, Zongguo and Zurek, Kathryn M. and
                        Strassler, Matthew J.",
      title          = "{Phenomenology of hidden valleys at hadron colliders}",
      journal        = "JHEP",
      volume         = "07",
      year           = "2008",
      pages          = "008",
      doi            = "10.1088/1126-6708/2008/07/008",
      eprint         = "0712.2041",
      archivePrefix  = "arXiv",
      primaryClass   = "hep-ph",
      reportNumber   = "MADPH-07-1502, SDU-HEP-071201, RUNHETC-2007-31",
      SLACcitation   = "%%CITATION = ARXIV:0712.2041;%%"
}

@article{Nachman:2016nes,
      author         = "Nachman, Benjamin and Rubbo, Francesco",
      title          = "{Search strategy using LHC pileup interactions as a zero
                        bias sample}",
      journal        = "Phys. Rev.",
      volume         = "D97",
      year           = "2018",
      number         = "9",
      pages          = "092002",
      doi            = "10.1103/PhysRevD.97.092002",
      eprint         = "1608.06299",
      archivePrefix  = "arXiv",
      primaryClass   = "hep-ph",
      SLACcitation   = "%%CITATION = ARXIV:1608.06299;%%"
}

@article{Chatrchyan:2011hr,
      author         = "Chatrchyan, Serguei and others",
      title          = "{Search for Light Resonances Decaying into Pairs of Muons
                        as a Signal of New Physics}",
      collaboration  = "CMS",
      journal        = "JHEP",
      volume         = "07",
      year           = "2011",
      pages          = "098",
      doi            = "10.1007/JHEP07(2011)098",
      eprint         = "1106.2375",
      archivePrefix  = "arXiv",
      primaryClass   = "hep-ex",
      reportNumber   = "CERN-PH-EP-2011-064, CMS-EXO-11-013",
      SLACcitation   = "%%CITATION = ARXIV:1106.2375;%%"
}

@article{Curtin:2015fna,
      author         = "Curtin, David and Verhaaren, Christopher B.",
      title          = "{Discovering Uncolored Naturalness in Exotic Higgs
                        Decays}",
      journal        = "JHEP",
      volume         = "12",
      year           = "2015",
      pages          = "072",
      doi            = "10.1007/JHEP12(2015)072",
      eprint         = "1506.06141",
      archivePrefix  = "arXiv",
      primaryClass   = "hep-ph",
      SLACcitation   = "%%CITATION = ARXIV:1506.06141;%%"
}

@article{Larkoski:2013eya,
      author         = "Larkoski, Andrew J. and Salam, Gavin P. and Thaler,
                        Jesse",
      title          = "{Energy Correlation Functions for Jet Substructure}",
      journal        = "JHEP",
      volume         = "06",
      year           = "2013",
      pages          = "108",
      doi            = "10.1007/JHEP06(2013)108",
      eprint         = "1305.0007",
      archivePrefix  = "arXiv",
      primaryClass   = "hep-ph",
      reportNumber   = "MIT-CTP-4446, CERN-PH-TH-2013-066, LPN13-026",
      SLACcitation   = "%%CITATION = ARXIV:1305.0007;%%"
}

@article{Larkoski:2014gra,
      author         = "Larkoski, Andrew J. and Moult, Ian and Neill, Duff",
      title          = "{Power Counting to Better Jet Observables}",
      journal        = "JHEP",
      volume         = "12",
      year           = "2014",
      pages          = "009",
      doi            = "10.1007/JHEP12(2014)009",
      eprint         = "1409.6298",
      archivePrefix  = "arXiv",
      primaryClass   = "hep-ph",
      reportNumber   = "MIT--CTP-4588",
      SLACcitation   = "%%CITATION = ARXIV:1409.6298;%%"
}

@article{Gallicchio:2010dq,
      author         = "Gallicchio, Jason and Huth, John and Kagan, Michael and
                        Schwartz, Matthew D. and Black, Kevin and Tweedie, Brock",
      title          = "{Multivariate discrimination and the Higgs + W/Z search}",
      journal        = "JHEP",
      volume         = "04",
      year           = "2011",
      pages          = "069",
      doi            = "10.1007/JHEP04(2011)069",
      eprint         = "1010.3698",
      archivePrefix  = "arXiv",
      primaryClass   = "hep-ph",
      SLACcitation   = "%%CITATION = ARXIV:1010.3698;%%"
}

@article{Gras:2017jty,
      author         = "Gras, Philippe and Höche, Stefan and Kar, Deepak and
                        Larkoski, Andrew and Lönnblad, Leif and Plätzer, Simon
                        and Siódmok, Andrzej and Skands, Peter and Soyez, Gregory
                        and Thaler, Jesse",
      title          = "{Systematics of quark/gluon tagging}",
      journal        = "JHEP",
      volume         = "07",
      year           = "2017",
      pages          = "091",
      doi            = "10.1007/JHEP07(2017)091",
      eprint         = "1704.03878",
      archivePrefix  = "arXiv",
      primaryClass   = "hep-ph",
      reportNumber   = "MIT-CTP-4885, COEPP-MN-17-2, MCNET-17-04",
      SLACcitation   = "%%CITATION = ARXIV:1704.03878;%%"
}

@article{Dery:2017fap,
      author         = "Dery, Lucio Mwinmaarong and Nachman, Benjamin and Rubbo,
                        Francesco and Schwartzman, Ariel",
      title          = "{Weakly Supervised Classification in High Energy
                        Physics}",
      journal        = "JHEP",
      volume         = "05",
      year           = "2017",
      pages          = "145",
      doi            = "10.1007/JHEP05(2017)145",
      eprint         = "1702.00414",
      archivePrefix  = "arXiv",
      primaryClass   = "hep-ph",
      SLACcitation   = "%%CITATION = ARXIV:1702.00414;%%"
}

@article{Cohen:2017exh,
      author         = "Cohen, Timothy and Freytsis, Marat and Ostdiek, Bryan",
      title          = "{(Machine) Learning to Do More with Less}",
      journal        = "JHEP",
      volume         = "02",
      year           = "2018",
      pages          = "034",
      doi            = "10.1007/JHEP02(2018)034",
      eprint         = "1706.09451",
      archivePrefix  = "arXiv",
      primaryClass   = "hep-ph",
      SLACcitation   = "%%CITATION = ARXIV:1706.09451;%%"
}

@article{Metodiev:2017vrx,
      author         = "Metodiev, Eric M. and Nachman, Benjamin and Thaler,
                        Jesse",
      title          = "{Classification without labels: Learning from mixed
                        samples in high energy physics}",
      journal        = "JHEP",
      volume         = "10",
      year           = "2017",
      pages          = "174",
      doi            = "10.1007/JHEP10(2017)174",
      eprint         = "1708.02949",
      archivePrefix  = "arXiv",
      primaryClass   = "hep-ph",
      reportNumber   = "MIT--CTP-4922",
      SLACcitation   = "%%CITATION = ARXIV:1708.02949;%%"
}


@article{Craig:2016kue,
      author         = "Craig, Nathaniel and Knapen, Simon and Longhi, Pietro and
                        Strassler, Matthew",
      title          = "{The Vector-like Twin Higgs}",
      journal        = "JHEP",
      volume         = "07",
      year           = "2016",
      pages          = "002",
      doi            = "10.1007/JHEP07(2016)002",
      eprint         = "1601.07181",
      archivePrefix  = "arXiv",
      primaryClass   = "hep-ph",
      SLACcitation   = "%%CITATION = ARXIV:1601.07181;%%"
}

@article{ATLAS:2016olj,
      author         = "The ATLAS collaboration",
      title          = "{Search for long-lived neutral particles decaying in the
                        hadronic calorimeter of ATLAS at $\sqrt{s} =
                        13~\mathrm{TeV}$ in $3.2~\mathrm{fb^{-1}}$ of data}",
      collaboration  = "ATLAS",
      year           = "2016",
      reportNumber   = "ATLAS-CONF-2016-103",
      SLACcitation   = "%%CITATION = ATLAS-CONF-2016-103;%%"
}

@article{Hatta:2008qx,
      author         = "Hatta, Yoshitaka and Matsuo, Toshihiro",
      title          = "{Thermal hadron spectrum in e+e- annihilation from
                        gauge/string duality}",
      journal        = "Phys. Rev. Lett.",
      volume         = "102",
      year           = "2009",
      pages          = "062001",
      doi            = "10.1103/PhysRevLett.102.062001",
      eprint         = "0807.0098",
      archivePrefix  = "arXiv",
      primaryClass   = "hep-ph",
      SLACcitation   = "%%CITATION = ARXIV:0807.0098;%%"
}

@article{Gligorov:2017nwh,
      author         = "Gligorov, Vladimir V. and Knapen, Simon and Papucci,
                        Michele and Robinson, Dean J.",
      title          = "{Searching for Long-lived Particles: A Compact Detector
                        for Exotics at LHCb}",
      journal        = "Phys. Rev.",
      volume         = "D97",
      year           = "2018",
      number         = "1",
      pages          = "015023",
      doi            = "10.1103/PhysRevD.97.015023",
      eprint         = "1708.09395",
      archivePrefix  = "arXiv",
      primaryClass   = "hep-ph",
      SLACcitation   = "%%CITATION = ARXIV:1708.09395;%%"
}

@article{Chou:2016lxi,
      author         = "Chou, John Paul and Curtin, David and Lubatti, H. J.",
      title          = "{New Detectors to Explore the Lifetime Frontier}",
      journal        = "Phys. Lett.",
      volume         = "B767",
      year           = "2017",
      pages          = "29-36",
      doi            = "10.1016/j.physletb.2017.01.043",
      eprint         = "1606.06298",
      archivePrefix  = "arXiv",
      primaryClass   = "hep-ph",
      SLACcitation   = "%%CITATION = ARXIV:1606.06298;%%"
}

@article{Feng:2017uoz,
      author         = "Feng, Jonathan L. and Galon, Iftah and Kling, Felix and
                        Trojanowski, Sebastian",
      title          = "{ForwArd Search ExpeRiment at the LHC}",
      journal        = "Phys. Rev.",
      volume         = "D97",
      year           = "2018",
      number         = "3",
      pages          = "035001",
      doi            = "10.1103/PhysRevD.97.035001",
      eprint         = "1708.09389",
      archivePrefix  = "arXiv",
      primaryClass   = "hep-ph",
      reportNumber   = "UCI-TR-2017-08",
      SLACcitation   = "%%CITATION = ARXIV:1708.09389;%%"
}

@article{Deppisch:2015qwa,
      author         = "Deppisch, Frank F. and Bhupal Dev, P. S. and Pilaftsis,
                        Apostolos",
      title          = "{Neutrinos and Collider Physics}",
      journal        = "New J. Phys.",
      volume         = "17",
      year           = "2015",
      number         = "7",
      pages          = "075019",
      doi            = "10.1088/1367-2630/17/7/075019",
      eprint         = "1502.06541",
      archivePrefix  = "arXiv",
      primaryClass   = "hep-ph",
      reportNumber   = "MAN-HEP-2014-15",
      SLACcitation   = "%%CITATION = ARXIV:1502.06541;%%"
}

@article{Strassler:2008fv,
      author         = "Strassler, Matthew J.",
      title          = "{On the Phenomenology of Hidden Valleys with Heavy
                        Flavor}",
      year           = "2008",
      eprint         = "0806.2385",
      archivePrefix  = "arXiv",
      primaryClass   = "hep-ph",
      SLACcitation   = "%%CITATION = ARXIV:0806.2385;%%"
}

@article{Juknevich:2009gg,
      author         = "Juknevich, Jose E.",
      title          = "{Pure-glue hidden valleys through the Higgs portal}",
      journal        = "JHEP",
      volume         = "08",
      year           = "2010",
      pages          = "121",
      doi            = "10.1007/JHEP08(2010)121",
      eprint         = "0911.5616",
      archivePrefix  = "arXiv",
      primaryClass   = "hep-ph",
      reportNumber   = "RUNHETC-2009-25",
      SLACcitation   = "%%CITATION = ARXIV:0911.5616;%%"
}

@article{Juknevich:2009ji,
      author         = "Juknevich, Jose E. and Melnikov, Dmitry and Strassler,
                        Matthew J.",
      title          = "{A Pure-Glue Hidden Valley I. States and Decays}",
      journal        = "JHEP",
      volume         = "07",
      year           = "2009",
      pages          = "055",
      doi            = "10.1088/1126-6708/2009/07/055",
      eprint         = "0903.0883",
      archivePrefix  = "arXiv",
      primaryClass   = "hep-ph",
      reportNumber   = "RUNHETC-2008-18, TAUP-2890-08, ITEP-TH-45-08",
      SLACcitation   = "%%CITATION = ARXIV:0903.0883;%%"
}


 @article{Morningstar:1999rf,
      author         = "Morningstar, Colin J. and Peardon, Mike J.",
      title          = "{The Glueball spectrum from an anisotropic lattice
                        study}",
      journal        = "Phys. Rev.",
      volume         = "D60",
      year           = "1999",
      pages          = "034509",
      doi            = "10.1103/PhysRevD.60.034509",
      eprint         = "hep-lat/9901004",
      archivePrefix  = "arXiv",
      primaryClass   = "hep-lat",
      reportNumber   = "UCSD-PTH-98-36, HLRZ-1998-62",
      SLACcitation   = "%%CITATION = HEP-LAT/9901004;%%"
}

@article{Thaler:2010tr,
      author         = "Thaler, Jesse and Van Tilburg, Ken",
      title          = "{Identifying Boosted Objects with N-subjettiness}",
      journal        = "JHEP",
      volume         = "03",
      year           = "2011",
      pages          = "015",
      doi            = "10.1007/JHEP03(2011)015",
      eprint         = "1011.2268",
      archivePrefix  = "arXiv",
      primaryClass   = "hep-ph",
      reportNumber   = "MIT-CTP-4191",
      SLACcitation   = "%%CITATION = ARXIV:1011.2268;%%"
}

@article{Ellis:2012sd,
      author         = "Ellis, Stephen D. and Roy, Tuhin S. and Scholtz, Jakub",
      title          = "{Jets and Photons}",
      journal        = "Phys. Rev. Lett.",
      volume         = "110",
      year           = "2013",
      number         = "12",
      pages          = "122003",
      doi            = "10.1103/PhysRevLett.110.122003",
      eprint         = "1210.1855",
      archivePrefix  = "arXiv",
      primaryClass   = "hep-ph",
      SLACcitation   = "%%CITATION = ARXIV:1210.1855;%%"
}

@article{Ellis:2012zp,
      author         = "Ellis, Stephen D. and Roy, Tuhin S. and Scholtz, Jakub",
      title          = "{Phenomenology of Photon-Jets}",
      journal        = "Phys. Rev.",
      volume         = "D87",
      year           = "2013",
      number         = "1",
      pages          = "014015",
      doi            = "10.1103/PhysRevD.87.014015",
      eprint         = "1210.3657",
      archivePrefix  = "arXiv",
      primaryClass   = "hep-ph",
      SLACcitation   = "%%CITATION = ARXIV:1210.3657;%%"
}

@article{Chatrchyan:2012xi,
      author         = "Chatrchyan, Serguei and others",
      title          = "{Performance of CMS muon reconstruction in $pp$ collision
                        events at $\sqrt{s}=7$ TeV}",
      collaboration  = "CMS",
      journal        = "JINST",
      volume         = "7",
      year           = "2012",
      pages          = "P10002",
      doi            = "10.1088/1748-0221/7/10/P10002",
      eprint         = "1206.4071",
      archivePrefix  = "arXiv",
      primaryClass   = "physics.ins-det",
      reportNumber   = "CMS-MUO-10-004, CERN-PH-EP-2012-173",
      SLACcitation   = "%%CITATION = ARXIV:1206.4071;%%"
}

@article{Aaboud:2017iio,
      author         = "Aaboud, Morad and others",
      title          = "{Search for long-lived, massive particles in events with
                        displaced vertices and missing transverse momentum in
                        $\sqrt{s}$ = 13 TeV $pp$ collisions with the ATLAS
                        detector}",
      collaboration  = "ATLAS",
      journal        = "Phys. Rev.",
      volume         = "D97",
      year           = "2018",
      number         = "5",
      pages          = "052012",
      doi            = "10.1103/PhysRevD.97.052012",
      eprint         = "1710.04901",
      archivePrefix  = "arXiv",
      primaryClass   = "hep-ex",
      reportNumber   = "CERN-EP-2017-202",
      SLACcitation   = "%%CITATION = ARXIV:1710.04901;%%"
}

@article{Bai:2013xga,
      author         = "Bai, Yang and Schwaller, Pedro",
      title          = "{Scale of dark QCD}",
      journal        = "Phys. Rev.",
      volume         = "D89",
      year           = "2014",
      number         = "6",
      pages          = "063522",
      doi            = "10.1103/PhysRevD.89.063522",
      eprint         = "1306.4676",
      archivePrefix  = "arXiv",
      primaryClass   = "hep-ph",
      SLACcitation   = "%%CITATION = ARXIV:1306.4676;%%"
}

@article{Chatrchyan:2012jua,
      author         = "Chatrchyan, Serguei and others",
      title          = "{Identification of b-quark jets with the CMS experiment}",
      collaboration  = "CMS",
      journal        = "JINST",
      volume         = "8",
      year           = "2013",
      pages          = "P04013",
      doi            = "10.1088/1748-0221/8/04/P04013",
      eprint         = "1211.4462",
      archivePrefix  = "arXiv",
      primaryClass   = "hep-ex",
      reportNumber   = "CMS-BTV-12-001, CERN-PH-EP-2012-262",
      SLACcitation   = "%%CITATION = ARXIV:1211.4462;%%"
}

@article{Frye:2017yrw,
      author         = "Frye, Christopher and Larkoski, Andrew J. and Thaler,
                        Jesse and Zhou, Kevin",
      title          = "{Casimir Meets Poisson: Improved Quark/Gluon
                        Discrimination with Counting Observables}",
      journal        = "JHEP",
      volume         = "09",
      year           = "2017",
      pages          = "083",
      doi            = "10.1007/JHEP09(2017)083",
      eprint         = "1704.06266",
      archivePrefix  = "arXiv",
      primaryClass   = "hep-ph",
      reportNumber   = "MIT-CTP-4987, MIT--CTP-4987",
      SLACcitation   = "%%CITATION = ARXIV:1704.06266;%%"
}

@article{Aad:2016oit,
      author         = "Aad, Georges and others",
      title          = "{Measurement of the charged-particle multiplicity inside
                        jets from $\sqrt{s}=8$ TeV $pp$ collisions with the ATLAS
                        detector}",
      collaboration  = "ATLAS",
      journal        = "Eur. Phys. J.",
      volume         = "C76",
      year           = "2016",
      number         = "6",
      pages          = "322",
      doi            = "10.1140/epjc/s10052-016-4126-5",
      eprint         = "1602.00988",
      archivePrefix  = "arXiv",
      primaryClass   = "hep-ex",
      reportNumber   = "CERN-EP-2016-001",
      SLACcitation   = "%%CITATION = ARXIV:1602.00988;%%"
}

@article{Sirunyan:2017ulk,
      author         = "Sirunyan, A. M. and others",
      title          = "{Particle-flow reconstruction and global event
                        description with the CMS detector}",
      collaboration  = "CMS",
      journal        = "JINST",
      volume         = "12",
      year           = "2017",
      number         = "10",
      pages          = "P10003",
      doi            = "10.1088/1748-0221/12/10/P10003",
      eprint         = "1706.04965",
      archivePrefix  = "arXiv",
      primaryClass   = "physics.ins-det",
      reportNumber   = "CMS-PRF-14-001, CERN-EP-2017-110",
      SLACcitation   = "%%CITATION = ARXIV:1706.04965;%%"
}

@article{Aad:2016mok,
      author         = "Aad, Georges and others",
      title          = "{Charged-particle distributions in $\sqrt{s}$ = 13 TeV
                        pp interactions measured with the ATLAS detector at the
                        LHC}",
      collaboration  = "ATLAS",
      journal        = "Phys. Lett.",
      volume         = "B758",
      year           = "2016",
      pages          = "67-88",
      doi            = "10.1016/j.physletb.2016.04.050",
      eprint         = "1602.01633",
      archivePrefix  = "arXiv",
      primaryClass   = "hep-ex",
      reportNumber   = "CERN-EP-2016-014",
      SLACcitation   = "%%CITATION = ARXIV:1602.01633;%%"
}

@article{Park:2017rfb,
      author         = "Park, Myeonghun and Zhang, Mengchao",
      title          = "{Tagging a jet from a dark sector with Jet-substructures
                        at colliders}",
      year           = "2017",
      eprint         = "1712.09279",
      archivePrefix  = "arXiv",
      primaryClass   = "hep-ph",
      SLACcitation   = "%%CITATION = ARXIV:1712.09279;%%"
}

@article{Falkowski:2010cm,
      author         = "Falkowski, Adam and Ruderman, Joshua T. and Volansky,
                        Tomer and Zupan, Jure",
      title          = "{Hidden Higgs Decaying to Lepton Jets}",
      journal        = "JHEP",
      volume         = "05",
      year           = "2010",
      pages          = "077",
      doi            = "10.1007/JHEP05(2010)077",
      eprint         = "1002.2952",
      archivePrefix  = "arXiv",
      primaryClass   = "hep-ph",
      SLACcitation   = "%%CITATION = ARXIV:1002.2952;%%"
}

@article{Alloul:2013bka,
	Archiveprefix = {arXiv},
	Author = {Alloul, Adam and Christensen, Neil D. and Degrande, C{\'e}line and Duhr, Claude and Fuks, Benjamin},
	Date-Added = {2018-03-01 22:37:00 +0000},
	Date-Modified = {2018-03-01 22:37:00 +0000},
	Doi = {10.1016/j.cpc.2014.04.012},
	Eprint = {1310.1921},
	Journal = {Comput. Phys. Commun.},
	Pages = {2250-2300},
	Primaryclass = {hep-ph},
	Reportnumber = {CERN-PH-TH-2013-239, MCNET-13-14, IPPP-13-71, DCPT-13-142, --PITT-PACC-1308},
	Slaccitation = {%%CITATION = ARXIV:1310.1921;%%},
	Title = {{FeynRules 2.0 - A complete toolbox for tree-level phenomenology}},
	Volume = {185},
	Year = {2014},
	Bdsk-Url-1 = {http://dx.doi.org/10.1016/j.cpc.2014.04.012}}

@article{Sjostrand:2007gs,
	Archiveprefix = {arXiv},
	Author = {Sjostrand, Torbjorn and Mrenna, Stephen and Skands, Peter Z.},
	Date-Added = {2018-03-01 22:36:41 +0000},
	Date-Modified = {2018-03-01 22:36:41 +0000},
	Doi = {10.1016/j.cpc.2008.01.036},
	Eprint = {0710.3820},
	Journal = {Comput.Phys.Commun.},
	Pages = {852-867},
	Primaryclass = {hep-ph},
	Reportnumber = {CERN-LCGAPP-2007-04, LU-TP-07-28, FERMILAB-PUB-07-512-CD-T},
	Slaccitation = {%%CITATION = ARXIV:0710.3820;%%},
	Title = {{A Brief Introduction to PYTHIA 8.1}},
	Volume = {178},
	Year = {2008},
	Bdsk-Url-1 = {http://dx.doi.org/10.1016/j.cpc.2008.01.036}}

@article{Cohen:2015toa,
	Archiveprefix = {arXiv},
	Author = {Cohen, Timothy and Lisanti, Mariangela and Lou, Hou Keong},
	Date-Added = {2018-03-01 22:34:42 +0000},
	Date-Modified = {2018-03-01 22:34:42 +0000},
	Doi = {10.1103/PhysRevLett.115.171804},
	Eprint = {1503.00009},
	Journal = {Phys. Rev. Lett.},
	Number = {17},
	Pages = {171804},
	Primaryclass = {hep-ph},
	Slaccitation = {%%CITATION = ARXIV:1503.00009;%%},
	Title = {{Semivisible Jets: Dark Matter Undercover at the LHC}},
	Volume = {115},
	Year = {2015},
	Bdsk-Url-1 = {http://dx.doi.org/10.1103/PhysRevLett.115.171804}}

@article{Cohen:2017pzm,
	Archiveprefix = {arXiv},
	Author = {Cohen, Timothy and Lisanti, Mariangela and Lou, Hou Keong and Mishra-Sharma, Siddharth},
	Date-Added = {2018-03-01 22:34:32 +0000},
	Date-Modified = {2018-03-01 22:34:32 +0000},
	Doi = {10.1007/JHEP11(2017)196},
	Eprint = {1707.05326},
	Journal = {JHEP},
	Pages = {196},
	Primaryclass = {hep-ph},
	Reportnumber = {PUPT-2529},
	Slaccitation = {%%CITATION = ARXIV:1707.05326;%%},
	Title = {{LHC Searches for Dark Sector Showers}},
	Volume = {11},
	Year = {2017},
	Bdsk-Url-1 = {http://dx.doi.org/10.1007/JHEP11(2017)196}}


@article{Knapen:2016hky,
      author         = "Knapen, Simon and Pagan Griso, Simone and Papucci,
                        Michele and Robinson, Dean J.",
      title          = "{Triggering Soft Bombs at the LHC}",
      journal        = "JHEP",
      volume         = "08",
      year           = "2017",
      pages          = "076",
      doi            = "10.1007/JHEP08(2017)076",
      eprint         = "1612.00850",
      archivePrefix  = "arXiv",
      primaryClass   = "hep-ph",
      SLACcitation   = "%%CITATION = ARXIV:1612.00850;%%"
}

@article{Strassler:2008bv,
      author         = "Strassler, Matthew J.",
      title          = "{Why Unparticle Models with Mass Gaps are Examples of
                        Hidden Valleys}",
      year           = "2008",
      eprint         = "0801.0629",
      archivePrefix  = "arXiv",
      primaryClass   = "hep-ph",
      SLACcitation   = "%%CITATION = ARXIV:0801.0629;%%"
}

@article{Hofman:2008ar,
      author         = "Hofman, Diego M. and Maldacena, Juan",
      title          = "{Conformal collider physics: Energy and charge
                        correlations}",
      journal        = "JHEP",
      volume         = "05",
      year           = "2008",
      pages          = "012",
      doi            = "10.1088/1126-6708/2008/05/012",
      eprint         = "0803.1467",
      archivePrefix  = "arXiv",
      primaryClass   = "hep-th",
      SLACcitation   = "%%CITATION = ARXIV:0803.1467;%%"
}

@article{Ilten:2018crw,
      author         = "Ilten, Philip and Soreq, Yotam and Williams, Mike and
                        Xue, Wei",
      title          = "{Serendipity in dark photon searches}",
      journal        = "JHEP",
      volume         = "06",
      year           = "2018",
      pages          = "004",
      doi            = "10.1007/JHEP06(2018)004",
      eprint         = "1801.04847",
      archivePrefix  = "arXiv",
      primaryClass   = "hep-ph",
      reportNumber   = "MIT-CTP/4976, CERN-TH-2017-282",
      SLACcitation   = "%%CITATION = ARXIV:1801.04847;%%"
}

@article{Chesler:2008wd,
      author         = "Chesler, Paul M. and Jensen, Kristan and Karch, Andreas",
      title          = "{Jets in strongly-coupled $N = 4$ super Yang-Mills theory}",
      journal        = "Phys. Rev.",
      volume         = "D79",
      year           = "2009",
      pages          = "025021",
      doi            = "10.1103/PhysRevD.79.025021",
      eprint         = "0804.3110",
      archivePrefix  = "arXiv",
      primaryClass   = "hep-th",
      SLACcitation   = "%%CITATION = ARXIV:0804.3110;%%"
}

@article{Bauer:2017ris,
      author         = "Bauer, Martin and Neubert, Matthias and Thamm, Andrea",
      title          = "{Collider Probes of Axion-Like Particles}",
      journal        = "JHEP",
      volume         = "12",
      year           = "2017",
      pages          = "044",
      doi            = "10.1007/JHEP12(2017)044",
      eprint         = "1708.00443",
      archivePrefix  = "arXiv",
      primaryClass   = "hep-ph",
      reportNumber   = "MITP-17-047",
      SLACcitation   = "%%CITATION = ARXIV:1708.00443;%%"
}


@article{Csaki:2008dt,
      author         = "Csaki, Csaba and Reece, Matthew and Terning, John",
      title          = "{The AdS/QCD Correspondence: Still Undelivered}",
      journal        = "JHEP",
      volume         = "05",
      year           = "2009",
      pages          = "067",
      doi            = "10.1088/1126-6708/2009/05/067",
      eprint         = "0811.3001",
      archivePrefix  = "arXiv",
      primaryClass   = "hep-ph",
      SLACcitation   = "%%CITATION = ARXIV:0811.3001;%%"
}

@article{Aaij:2015tna,
      author         = "Aaij, Roel and others",
      title          = "{Search for hidden-sector bosons in $B^0 \!\to
                        K^{*0}\mu^+\mu^-$ decays}",
      collaboration  = "LHCb",
      journal        = "Phys. Rev. Lett.",
      volume         = "115",
      year           = "2015",
      number         = "16",
      pages          = "161802",
      doi            = "10.1103/PhysRevLett.115.161802",
      eprint         = "1508.04094",
      archivePrefix  = "arXiv",
      primaryClass   = "hep-ex",
      reportNumber   = "CERN-PH-EP-2015-202, LHCB-PAPER-2015-036",
      SLACcitation   = "%%CITATION = ARXIV:1508.04094;%%"
}

@article{Aaij:2016qsm,
      author         = "Aaij, R. and others",
      title          = "{Search for long-lived scalar particles in $B^+ \to K^+
                        \chi (\mu^+\mu^-)$ decays}",
      collaboration  = "LHCb",
      journal        = "Phys. Rev.",
      volume         = "D95",
      year           = "2017",
      number         = "7",
      pages          = "071101",
      doi            = "10.1103/PhysRevD.95.071101",
      eprint         = "1612.07818",
      archivePrefix  = "arXiv",
      primaryClass   = "hep-ex",
      reportNumber   = "CERN-EP-2016-302, LHCB-PAPER-2016-052",
      SLACcitation   = "%%CITATION = ARXIV:1612.07818;%%"
}

@article{Klebanov:2000hb,
      author         = "Klebanov, Igor R. and Strassler, Matthew J.",
      title          = "{Supergravity and a confining gauge theory: Duality
                        cascades and $\chi$SB--resolution of naked singularities}",
      journal        = "JHEP",
      volume         = "08",
      year           = "2000",
      pages          = "052",
      doi            = "10.1088/1126-6708/2000/08/052",
      eprint         = "hep-th/0007191",
      archivePrefix  = "arXiv",
      primaryClass   = "hep-th",
      reportNumber   = "IASSNS-HEP-00-56, PUPT-1944",
      SLACcitation   = "%%CITATION = HEP-TH/0007191;%%"
}

@article{Ilten:2015hya,
      author         = "Ilten, Philip and Thaler, Jesse and Williams, Mike and
                        Xue, Wei",
      title          = "{Dark photons from charm mesons at LHCb}",
      journal        = "Phys. Rev.",
      volume         = "D92",
      year           = "2015",
      number         = "11",
      pages          = "115017",
      doi            = "10.1103/PhysRevD.92.115017",
      eprint         = "1509.06765",
      archivePrefix  = "arXiv",
      primaryClass   = "hep-ph",
      reportNumber   = "MIT-CTP-4702",
      SLACcitation   = "%%CITATION = ARXIV:1509.06765;%%"
}

@article{Ilten:2016tkc,
      author         = "Ilten, Philip and Soreq, Yotam and Thaler, Jesse and
                        Williams, Mike and Xue, Wei",
      title          = "{Proposed Inclusive Dark Photon Search at LHCb}",
      journal        = "Phys. Rev. Lett.",
      volume         = "116",
      year           = "2016",
      number         = "25",
      pages          = "251803",
      doi            = "10.1103/PhysRevLett.116.251803",
      eprint         = "1603.08926",
      archivePrefix  = "arXiv",
      primaryClass   = "hep-ph",
      reportNumber   = "MIT-CTP-4785",
      SLACcitation   = "%%CITATION = ARXIV:1603.08926;%%"
}

@article{Clarke:2013aya,
      author         = "Clarke, Jackson D. and Foot, Robert and Volkas, Raymond
                        R.",
      title          = "{Phenomenology of a very light scalar (100 MeV < $m_h$ <
                        10 GeV) mixing with the SM Higgs}",
      journal        = "JHEP",
      volume         = "02",
      year           = "2014",
      pages          = "123",
      doi            = "10.1007/JHEP02(2014)123",
      eprint         = "1310.8042",
      archivePrefix  = "arXiv",
      primaryClass   = "hep-ph",
      SLACcitation   = "%%CITATION = ARXIV:1310.8042;%%"
}

@inproceedings{Alexander:2016aln,
      author         = "Alexander, Jim and others",
      title          = "{Dark Sectors 2016 Workshop: Community Report}",
      url            = "http://inspirehep.net/record/1484628/files/arXiv:1608.08632.pdf",
      year           = "2016",
      eprint         = "1608.08632",
      archivePrefix  = "arXiv",
      primaryClass   = "hep-ph",
      reportNumber   = "FERMILAB-CONF-16-421",
      SLACcitation   = "%%CITATION = ARXIV:1608.08632;%%"
}

@article{Fradette:2017sdd,
      author         = "Fradette, Anthony and Pospelov, Maxim",
      title          = "{BBN for the LHC: constraints on lifetimes of the Higgs
                        portal scalars}",
      journal        = "Phys. Rev.",
      volume         = "D96",
      year           = "2017",
      number         = "7",
      pages          = "075033",
      doi            = "10.1103/PhysRevD.96.075033",
      eprint         = "1706.01920",
      archivePrefix  = "arXiv",
      primaryClass   = "hep-ph",
      SLACcitation   = "%%CITATION = ARXIV:1706.01920;%%"
}

@article{Sjostrand:2006za,
      author         = "Sjostrand, Torbjorn and Mrenna, Stephen and Skands, Peter
                        Z.",
      title          = "{PYTHIA 6.4 Physics and Manual}",
      journal        = "JHEP",
      volume         = "05",
      year           = "2006",
      pages          = "026",
      doi            = "10.1088/1126-6708/2006/05/026",
      eprint         = "hep-ph/0603175",
      archivePrefix  = "arXiv",
      primaryClass   = "hep-ph",
      reportNumber   = "FERMILAB-PUB-06-052-CD-T, LU-TP-06-13",
      SLACcitation   = "%%CITATION = HEP-PH/0603175;%%"
}

@article{Sjostrand:2007gs,
      author         = "Sjostrand, Torbjorn and Mrenna, Stephen and Skands, Peter
                        Z.",
      title          = "{A Brief Introduction to PYTHIA 8.1}",
      journal        = "Comput. Phys. Commun.",
      volume         = "178",
      year           = "2008",
      pages          = "852-867",
      doi            = "10.1016/j.cpc.2008.01.036",
      eprint         = "0710.3820",
      archivePrefix  = "arXiv",
      primaryClass   = "hep-ph",
      reportNumber   = "CERN-LCGAPP-2007-04, LU-TP-07-28,
                        FERMILAB-PUB-07-512-CD-T",
      SLACcitation   = "%%CITATION = ARXIV:0710.3820;%%"
}

@article{Polchinski:2000uf,
      author         = "Polchinski, Joseph and Strassler, Matthew J.",
      title          = "{The String dual of a confining four-dimensional gauge
                        theory}",
      year           = "2000",
      eprint         = "hep-th/0003136",
      archivePrefix  = "arXiv",
      primaryClass   = "hep-th",
      reportNumber   = "IAS-TH-00-18, NSF-ITP-00-16",
      SLACcitation   = "%%CITATION = HEP-TH/0003136;%%"
}

@article{Meade:2009rb,
      author         = "Meade, Patrick and Papucci, Michele and Volansky, Tomer",
      title          = "{Dark Matter Sees The Light}",
      journal        = "JHEP",
      volume         = "12",
      year           = "2009",
      pages          = "052",
      doi            = "10.1088/1126-6708/2009/12/052",
      eprint         = "0901.2925",
      archivePrefix  = "arXiv",
      primaryClass   = "hep-ph",
      SLACcitation   = "%%CITATION = ARXIV:0901.2925;%%"
}

@article{Polchinski:2002jw,
      author         = "Polchinski, Joseph and Strassler, Matthew J.",
      title          = "{Deep inelastic scattering and gauge / string duality}",
      journal        = "JHEP",
      volume         = "05",
      year           = "2003",
      pages          = "012",
      doi            = "10.1088/1126-6708/2003/05/012",
      eprint         = "hep-th/0209211",
      archivePrefix  = "arXiv",
      primaryClass   = "hep-th",
      reportNumber   = "NSF-ITP-02-139, UW-PT-02-23",
      SLACcitation   = "%%CITATION = HEP-TH/0209211;%%"
}

@article{Strassler:2006im,
      author         = "Strassler, Matthew J. and Zurek, Kathryn M.",
      title          = "{Echoes of a hidden valley at hadron colliders}",
      journal        = "Phys. Lett.",
      volume         = "B651",
      year           = "2007",
      pages          = "374-379",
      doi            = "10.1016/j.physletb.2007.06.055",
      eprint         = "hep-ph/0604261",
      archivePrefix  = "arXiv",
      primaryClass   = "hep-ph",
      SLACcitation   = "%%CITATION = HEP-PH/0604261;%%"
}

@article{Banks:1981nn,
      author         = "Banks, Tom and Zaks, A.",
      title          = "{On the Phase Structure of Vector-Like Gauge Theories
                        with Massless Fermions}",
      journal        = "Nucl. Phys.",
      volume         = "B196",
      year           = "1982",
      pages          = "189-204",
      doi            = "10.1016/0550-3213(82)90035-9",
      reportNumber   = "TAUP-944-81",
      SLACcitation   = "%%CITATION = NUPHA,B196,189;%%"
}

@article{Sterman:1977wj,
      author         = "Sterman, George F. and Weinberg, Steven",
      title          = "{Jets from Quantum Chromodynamics}",
      journal        = "Phys. Rev. Lett.",
      volume         = "39",
      year           = "1977",
      pages          = "1436",
      doi            = "10.1103/PhysRevLett.39.1436",
      reportNumber   = "HUTP-77/A044",
      SLACcitation   = "%%CITATION = PRLTA,39,1436;%%"
}

@article{Georgi:1977sf,
      author         = "Georgi, Howard and Machacek, Marie",
      title          = "{A Simple QCD Prediction of Jet Structure in e+ e-
                        Annihilation}",
      journal        = "Phys. Rev. Lett.",
      volume         = "39",
      year           = "1977",
      pages          = "1237",
      doi            = "10.1103/PhysRevLett.39.1237",
      reportNumber   = "HUTP-77-A058",
      SLACcitation   = "%%CITATION = PRLTA,39,1237;%%"
}

@article{Larkoski:2017fip,
      author         = "Larkoski, Andrew J.",
      title          = "{An Unorthodox Introduction to QCD}",
      year           = "2017",
      eprint         = "1709.06195",
      archivePrefix  = "arXiv",
      primaryClass   = "hep-ph",
      SLACcitation   = "%%CITATION = ARXIV:1709.06195;%%"
}

@article{Hatta:2008tx,
      author         = "Hatta, Y. and Iancu, E. and Mueller, A. H.",
      title          = "{Jet evolution in the N=4 SYM plasma at strong coupling}",
      journal        = "JHEP",
      volume         = "05",
      year           = "2008",
      pages          = "037",
      doi            = "10.1088/1126-6708/2008/05/037",
      eprint         = "0803.2481",
      archivePrefix  = "arXiv",
      primaryClass   = "hep-th",
      SLACcitation   = "%%CITATION = ARXIV:0803.2481;%%"
}

@article{Hatta:2008tn,
      author         = "Hatta, Yoshitaka and Matsuo, Toshihiro",
      title          = "{Jet fragmentation and gauge/string duality}",
      journal        = "Phys. Lett.",
      volume         = "B670",
      year           = "2008",
      pages          = "150-153",
      doi            = "10.1016/j.physletb.2008.10.043",
      eprint         = "0804.4733",
      archivePrefix  = "arXiv",
      primaryClass   = "hep-th",
      SLACcitation   = "%%CITATION = ARXIV:0804.4733;%%"
}

@article{RandallSundrum:1999,
      author         = "Randall, Lisa and Sundrum, Raman",
      title          = "{A Large Mass Hierarchy from a Small Extra Dimension}",
      journal        = "Phys. Lett.",
      volume         = "83",
      year           = "1999",
      pages          = "3370-3373",
      doi            = "10.1103/PhysRevLett.83.3370",
      eprint         = "9905221",
      archivePrefix  = "arXiv",
      primaryClass   = "hep-ph",
      SLACcitation   = "%%CITATION = ARXIV:hep-ph/9905221;%%"
}

@article{Giele:2007di,
	author         = "Giele, Walter T. and Kosower, David A. and Skands, Peter
	Z.",
	title          = "{A simple shower and matching algorithm}",
	journal        = "Phys. Rev.",
	volume         = "D78",
	year           = "2008",
	pages          = "014026",
	doi            = "10.1103/PhysRevD.78.014026",
	eprint         = "0707.3652",
	archivePrefix  = "arXiv",
	primaryClass   = "hep-ph",
	reportNumber   = "FERMILAB-PUB-07-160-T, SACLAY-SPHT-T07-107",
	SLACcitation   = "%%CITATION = ARXIV:0707.3652;%%"
}

@book{Ellis:1991qj,
	author         = "Ellis, R. Keith and Stirling, W. James and Webber, B. R.",
	title          = "{QCD and collider physics}",
	publisher      = "Cambridge University Press",
	series         = "Camb. Monogr. Part. Phys. Nucl. Phys. Cosmol.",
	volume         = "8",
	year           = "1996",
	pages          = "1-435",
	SLACcitation   = "%%CITATION = CMPCE,8,1;%%"
}

@article{Bjorken:1969wi,
	author         = "Bjorken, J. D. and Brodsky, Stanley J.",
	title          = "{Statistical model for electron-positron annihilation
	into hadrons}",
	journal        = "Phys. Rev.",
	volume         = "D1",
	year           = "1970",
	pages          = "1416-1420",
	doi            = "10.1103/PhysRevD.1.1416",
	reportNumber   = "SLAC-PUB-0662",
	SLACcitation   = "%%CITATION = PHRVA,D1,1416;%%"
}

@article{Farhi:1977sg,
	author         = "Farhi, Edward",
	title          = "{A QCD Test for Jets}",
	journal        = "Phys. Rev. Lett.",
	volume         = "39",
	year           = "1977",
	pages          = "1587-1588",
	doi            = "10.1103/PhysRevLett.39.1587",
	reportNumber   = "HUTP-77-A059",
	SLACcitation   = "%%CITATION = PRLTA,39,1587;%%"
}

@article{Fischer:2016vfv,
	author         = "Fischer, Nadine and Prestel, Stefan and Ritzmann, Mathias
	and Skands, Peter",
	title          = "{Vincia for Hadron Colliders}",
	journal        = "Eur. Phys. J.",
	volume         = "C76",
	year           = "2016",
	number         = "11",
	pages          = "589",
	doi            = "10.1140/epjc/s10052-016-4429-6",
	eprint         = "1605.06142",
	archivePrefix  = "arXiv",
	primaryClass   = "hep-ph",
	reportNumber   = "COEPP-MN-16-11, MCNET-16-13, SLAC-PUB-16529,
	NIKHEF-2016-020",
	SLACcitation   = "%%CITATION = ARXIV:1605.06142;%%"
}

@article{Kang:2008ea,
      author         = "Kang, Junhai and Luty, Markus A.",
      title          = "{Macroscopic Strings and 'Quirks' at Colliders}",
      journal        = "JHEP",
      volume         = "11",
      year           = "2009",
      pages          = "065",
      doi            = "10.1088/1126-6708/2009/11/065",
      eprint         = "0805.4642",
      archivePrefix  = "arXiv",
      primaryClass   = "hep-ph",
      SLACcitation   = "%%CITATION = ARXIV:0805.4642;%%"
}

@article{Harnik:2008ax,
      author         = "Harnik, Roni and Wizansky, Tommer",
      title          = "{Signals of New Physics in the Underlying Event}",
      journal        = "Phys. Rev.",
      volume         = "D80",
      year           = "2009",
      pages          = "075015",
      doi            = "10.1103/PhysRevD.80.075015",
      eprint         = "0810.3948",
      archivePrefix  = "arXiv",
      primaryClass   = "hep-ph",
      reportNumber   = "SLAC-PUB-13483, SU-ITP-26-08",
      SLACcitation   = "%%CITATION = ARXIV:0810.3948;%%"
}

@article{Aad:2013txa,
      author         = "Aad, Georges and others",
      title          = "{Triggers for displaced decays of long-lived neutral
                        particles in the ATLAS detector}",
      collaboration  = "ATLAS",
      journal        = "JINST",
      volume         = "8",
      year           = "2013",
      pages          = "P07015",
      doi            = "10.1088/1748-0221/8/07/P07015",
      eprint         = "1305.2284",
      archivePrefix  = "arXiv",
      primaryClass   = "hep-ex",
      reportNumber   = "CERN-PH-EP-2013-047",
      SLACcitation   = "%%CITATION = ARXIV:1305.2284;%%"
}

@article{Aad:2013ela,
      author         = "Aad, Georges and others",
      title          = "{Standalone vertex finding in the ATLAS muon
                        spectrometer}",
      collaboration  = "ATLAS",
      journal        = "JINST",
      volume         = "9",
      year           = "2014",
      pages          = "P02001",
      doi            = "10.1088/1748-0221/9/02/P02001",
      eprint         = "1311.7070",
      archivePrefix  = "arXiv",
      primaryClass   = "physics.ins-det",
      reportNumber   = "CERN-PH-EP-2013-185",
      SLACcitation   = "%%CITATION = ARXIV:1311.7070;%%"
}

@article{Coccaro:2016lnz,
      author         = "Coccaro, Andrea and Curtin, David and Lubatti, H. J. and
                        Russell, Heather and Shelton, Jessie",
      title          = "{Data-driven Model-independent Searches for Long-lived
                        Particles at the LHC}",
      journal        = "Phys. Rev.",
      volume         = "D94",
      year           = "2016",
      number         = "11",
      pages          = "113003",
      doi            = "10.1103/PhysRevD.94.113003",
      eprint         = "1605.02742",
      archivePrefix  = "arXiv",
      primaryClass   = "hep-ph",
      SLACcitation   = "%%CITATION = ARXIV:1605.02742;%%"
}

@article{Shepherd:2009sa,
      author         = "Shepherd, William and Tait, Tim M. P. and Zaharijas,
                        Gabrijela",
      title          = "{Bound states of weakly interacting dark matter}",
      journal        = "Phys. Rev.",
      volume         = "D79",
      year           = "2009",
      pages          = "055022",
      doi            = "10.1103/PhysRevD.79.055022",
      eprint         = "0901.2125",
      archivePrefix  = "arXiv",
      primaryClass   = "hep-ph",
      reportNumber   = "ANL-HEP-PR-08-77, NUHEP-TH-08-10",
      SLACcitation   = "%%CITATION = ARXIV:0901.2125;%%"
}

@article{Aad:2012qua,
      author         = "Aad, Georges and others",
      title          = "{A search for prompt lepton-jets in $pp$ collisions at
                        $\sqrt{s}=7$ TeV with the ATLAS detector}",
      collaboration  = "ATLAS",
      journal        = "Phys.Lett.",
      volume         = "B719",
      pages          = "299-317",
      doi            = "10.1016/j.physletb.2013.01.034",
      year           = "2013",
      eprint         = "1212.5409",
      archivePrefix  = "arXiv",
      reportNumber   = "CERN-PH-EP-2012-319",
      SLACcitation   = "%%CITATION = ARXIV:1212.5409;%%",
}

@article{Zheng:2010js,
      author         = "Zheng, Jia-Ming and Yu, Zhao-Huan and Shao, Jun-Wen and
                        Bi, Xiao-Jun and Li, Zhibing and Zhang, Hong-Hao",
      title          = "{Constraining the interaction strength between dark
                        matter and visible matter: I. fermionic dark matter}",
      journal        = "Nucl. Phys.",
      volume         = "B854",
      year           = "2012",
      pages          = "350-374",
      doi            = "10.1016/j.nuclphysb.2011.09.009",
      eprint         = "1012.2022",
      archivePrefix  = "arXiv",
      primaryClass   = "hep-ph",
      SLACcitation   = "%%CITATION = ARXIV:1012.2022;%%"
}

@article{Dreiner:2012xm,
      author         = "Dreiner, Herbert and Huck, Moritz and Kr?mer, Michael
                        and Schmeier, Daniel and Tattersall, Jamie",
      title          = "{Illuminating Dark Matter at the ILC}",
      journal        = "Phys.Rev.",
      number         = "7",
      volume         = "D87",
      pages          = "075015",
      doi            = "10.1103/PhysRevD.87.075015",
      year           = "2013",
      eprint         = "1211.2254",
      archivePrefix  = "arXiv",
      primaryClass   = "hep-ph",
      SLACcitation   = "%%CITATION = ARXIV:1211.2254;%%",
}

@article{D'Agnolo:2015koa,
      author         = "D'Agnolo, Raffaele Tito and Ruderman, Joshua T.",
      title          = "{Forbidden Dark Matter}",
      year           = "2015",
      eprint         = "1505.07107",
      archivePrefix  = "arXiv",
      primaryClass   = "hep-ph",
      SLACcitation   = "%%CITATION = ARXIV:1505.07107;%%",
}

@article{Petraki:2014uza,
      author         = "Petraki, Kalliopi and Pearce, Lauren and Kusenko,
                        Alexander",
      title          = "{Self-interacting asymmetric dark matter coupled to a
                        light massive dark photon}",
      journal        = "JCAP",
      volume         = "1407",
      pages          = "039",
      doi            = "10.1088/1475-7516/2014/07/039",
      year           = "2014",
      eprint         = "1403.1077",
      archivePrefix  = "arXiv",
      primaryClass   = "hep-ph",
      reportNumber   = "NIKHEF-2014-007",
      SLACcitation   = "%%CITATION = ARXIV:1403.1077;%%",
}

@article{Campbell:2015qma,
      author         = "Campbell, John M. and Ellis, R. Keith and Giele, Walter
                        T.",
      title          = "{A Multi-Threaded Version of MCFM}",
      journal        = "Eur.Phys.J.",
      number         = "6",
      volume         = "C75",
      pages          = "246",
      doi            = "10.1140/epjc/s10052-015-3461-2",
      year           = "2015",
      eprint         = "1503.06182",
      archivePrefix  = "arXiv",
      primaryClass   = "physics.comp-ph",
      reportNumber   = "FERMILAB-PUB-15-043-T",
      SLACcitation   = "%%CITATION = ARXIV:1503.06182;%%",
}

@article{Aubert:2009cp,
      author         = "Aubert, Bernard and others",
      title          = "{Search for Dimuon Decays of a Light Scalar Boson in
                        Radiative Transitions Upsilon ---> gamma A0}",
      collaboration  = "BaBar",
      journal        = "Phys. Rev. Lett.",
      volume         = "103",
      year           = "2009",
      pages          = "081803",
      doi            = "10.1103/PhysRevLett.103.081803",
      eprint         = "0905.4539",
      archivePrefix  = "arXiv",
      primaryClass   = "hep-ex",
      reportNumber   = "BABAR-PUB-09-015, SLAC-PUB-13653",
      SLACcitation   = "%%CITATION = ARXIV:0905.4539;%%"
}

@article{Altmannshofer:2014cla,
      author         = "Altmannshofer, Wolfgang and Fox, Patrick J. and Harnik,
                        Roni and Kribs, Graham D. and Raj, Nirmal",
      title          = "{Dark Matter Signals in Dilepton Production at Hadron
                        Colliders}",
      journal        = "Phys.Rev.",
      number         = "11",
      volume         = "D91",
      pages          = "115006",
      doi            = "10.1103/PhysRevD.91.115006",
      year           = "2015",
      eprint         = "1411.6743",
      archivePrefix  = "arXiv",
      primaryClass   = "hep-ph",
      reportNumber   = "FERMILAB-PUB-14-485-T",
      SLACcitation   = "%%CITATION = ARXIV:1411.6743;%%",
}

@article{Han:2007ae,
      author         = "Han, Tao and Si, Zongguo and Zurek, Kathryn M. and
                        Strassler, Matthew J.",
      title          = "{Phenomenology of hidden valleys at hadron colliders}",
      journal        = "JHEP",
      volume         = "0807",
      pages          = "008",
      doi            = "10.1088/1126-6708/2008/07/008",
      year           = "2008",
      eprint         = "0712.2041",
      archivePrefix  = "arXiv",
      primaryClass   = "hep-ph",
      reportNumber   = "MADPH-07-1502, SDU-HEP-071201, RUNHETC-2007-31",
      SLACcitation   = "%%CITATION = ARXIV:0712.2041;%%",
}

@article{Foot:2014uba,
      author         = "Foot, R. and Vagnozzi, S.",
      title          = "{Dissipative hidden sector dark matter}",
      journal        = "Phys.Rev.",
      volume         = "D91",
      pages          = "023512",
      doi            = "10.1103/PhysRevD.91.023512",
      year           = "2015",
      eprint         = "1409.7174",
      archivePrefix  = "arXiv",
      primaryClass   = "hep-ph",
      SLACcitation   = "%%CITATION = ARXIV:1409.7174;%%",
}


@article{Tulin:2013teo,
      author         = "Tulin, Sean and Yu, Hai-Bo and Zurek, Kathryn M.",
      title          = "{Beyond Collisionless Dark Matter: Particle Physics
                        Dynamics for Dark Matter Halo Structure}",
      journal        = "Phys.Rev.",
      number         = "11",
      volume         = "D87",
      pages          = "115007",
      doi            = "10.1103/PhysRevD.87.115007",
      year           = "2013",
      eprint         = "1302.3898",
      archivePrefix  = "arXiv",
      primaryClass   = "hep-ph",
      SLACcitation   = "%%CITATION = ARXIV:1302.3898;%%",
}

@article{Peter:2012jh,
      author         = "Peter, Annika H.G. and Rocha, Miguel and Bullock, James
                        S. and Kaplinghat, Manoj",
      title          = "{Cosmological Simulations with Self-Interacting Dark
                        Matter II: Halo Shapes vs. Observations}",
      journal        = "Mon.Not.Roy.Astron.Soc.",
      volume         = "430",
      pages          = "105",
      doi            = "10.1093/mnras/sts535",
      year           = "2013",
      eprint         = "1208.3026",
      archivePrefix  = "arXiv",
      primaryClass   = "astro-ph.CO",
      reportNumber   = "NSF-KITP-12-147",
      SLACcitation   = "%%CITATION = ARXIV:1208.3026;%%",
}

@article{Randall:2007ph,
      author         = "Randall, Scott W. and Markevitch, Maxim and Clowe,
                        Douglas and Gonzalez, Anthony H. and Bradac, Marusa",
      title          = "{Constraints on the Self-Interaction Cross-Section of
                        Dark Matter from Numerical Simulations of the Merging
                        Galaxy Cluster 1E 0657-56}",
      journal        = "Astrophys.J.",
      volume         = "679",
      pages          = "1173-1180",
      doi            = "10.1086/587859",
      year           = "2008",
      eprint         = "0704.0261",
      archivePrefix  = "arXiv",
      primaryClass   = "astro-ph",
      SLACcitation   = "%%CITATION = ARXIV:0704.0261;%%",
}

@article{Belyaev:2012qa,
      author         = "Belyaev, Alexander and Christensen, Neil D. and Pukhov,
                        Alexander",
      title          = "{CalcHEP 3.4 for collider physics within and beyond the
                        Standard Model}",
      journal        = "Comput.Phys.Commun.",
      volume         = "184",
      pages          = "1729-1769",
      doi            = "10.1016/j.cpc.2013.01.014",
      year           = "2013",
      eprint         = "1207.6082",
      archivePrefix  = "arXiv",
      primaryClass   = "hep-ph",
      reportNumber   = "PITT-PACC-1209",
      SLACcitation   = "%%CITATION = ARXIV:1207.6082;%%",
}

@article{Cacciari:2008gp,
      author         = "Cacciari, Matteo and Salam, Gavin P. and Soyez, Gregory",
      title          = "{The Anti-k(t) jet clustering algorithm}",
      journal        = "JHEP",
      volume         = "0804",
      pages          = "063",
      doi            = "10.1088/1126-6708/2008/04/063",
      year           = "2008",
      eprint         = "0802.1189",
      archivePrefix  = "arXiv",
      primaryClass   = "hep-ph",
      reportNumber   = "LPTHE-07-03",
      SLACcitation   = "%%CITATION = ARXIV:0802.1189;%%",
}

@article{Agnese:2013jaa,
      author         = "Agnese, R. and others",
      title          = "{Search for Low-Mass Weakly Interacting Massive Particles
                        Using Voltage-Assisted Calorimetric Ionization Detection
                        in the SuperCDMS Experiment}",
      collaboration  = "SuperCDMS",
      journal        = "Phys.Rev.Lett.",
      number         = "4",
      volume         = "112",
      pages          = "041302",
      doi            = "10.1103/PhysRevLett.112.041302",
      year           = "2014",
      eprint         = "1309.3259",
      archivePrefix  = "arXiv",
      primaryClass   = "physics.ins-det",
      reportNumber   = "FERMILAB-PUB-13-572-AE",
      SLACcitation   = "%%CITATION = ARXIV:1309.3259;%%",
}

@article{Akerib:2013tjd,
      author         = "Akerib, D.S. and others",
      title          = "{First results from the LUX dark matter experiment at the
                        Sanford Underground Research Facility}",
      collaboration  = "LUX",
      journal        = "Phys.Rev.Lett.",
      volume         = "112",
      pages          = "091303",
      doi            = "10.1103/PhysRevLett.112.091303",
      year           = "2014",
      eprint         = "1310.8214",
      archivePrefix  = "arXiv",
      primaryClass   = "astro-ph.CO",
      SLACcitation   = "%%CITATION = ARXIV:1310.8214;%%",
}

@article{Aaltonen:2008dn,
      author         = "Aaltonen, T. and others",
      title          = "{Search for new particles decaying into dijets in
                        proton-antiproton collisions at s**(1/2) = 1.96-TeV}",
      collaboration  = "CDF",
      journal        = "Phys.Rev.",
      volume         = "D79",
      pages          = "112002",
      doi            = "10.1103/PhysRevD.79.112002",
      year           = "2009",
      eprint         = "0812.4036",
      archivePrefix  = "arXiv",
      primaryClass   = "hep-ex",
      reportNumber   = "FERMILAB-PUB-08-572-E",
      SLACcitation   = "%%CITATION = ARXIV:0812.4036;%%",
}

@article{Khachatryan:2015sja,
      author         = "Khachatryan, V. and others",
      title          = "{Search for resonances and quantum black holes using
                        dijet mass spectra in proton-proton collisions at
                        $\sqrt{s} =$ 8 TeV}",
      collaboration  = "CMS",
      journal        = "Phys.Rev.",
      number         = "5",
      volume         = "D91",
      pages          = "052009",
      doi            = "10.1103/PhysRevD.91.052009",
      year           = "2015",
      eprint         = "1501.04198",
      archivePrefix  = "arXiv",
      primaryClass   = "hep-ex",
      reportNumber   = "CMS-EXO-12-059, CERN-PH-EP-2014-300",
      SLACcitation   = "%%CITATION = ARXIV:1501.04198;%%",
}

@article{Aad:2015zva,
      author         = "Aad, Georges and others",
      title          = "{Search for new phenomena in final states with an
                        energetic jet and large missing transverse momentum in pp
                        collisions at $\sqrt{s}=8$ TeV with the ATLAS detector}",
      collaboration  = "ATLAS",
      year           = "2015",
      eprint         = "1502.01518",
      archivePrefix  = "arXiv",
      primaryClass   = "hep-ex",
      reportNumber   = "CERN-PH-EP-2014-299",
      SLACcitation   = "%%CITATION = ARXIV:1502.01518;%%",
}

@article{Collins:1989gx,
      author         = "Collins, John C. and Soper, Davison E. and Sterman,
                        George F.",
      title          = "{Factorization of Hard Processes in QCD}",
      journal        = "Adv.Ser.Direct.High Energy Phys.",
      volume         = "5",
      pages          = "1-91",
      year           = "1988",
      eprint         = "hep-ph/0409313",
      archivePrefix  = "arXiv",
      primaryClass   = "hep-ph",
      reportNumber   = "ITP-SB-89-31",
      SLACcitation   = "%%CITATION = HEP-PH/0409313;%%",
}

@article{Aad:2015uaa,
      author         = "Aad, Georges and others",
      title          = "{Search for long-lived, weakly interacting particles that
                        decay to displaced hadronic jets in proton-proton
                        collisions at $\sqrt{s}=8$ TeV with the ATLAS detector}",
      collaboration  = "ATLAS",
      year           = "2015",
      eprint         = "1504.03634",
      archivePrefix  = "arXiv",
      primaryClass   = "hep-ex",
      reportNumber   = "CERN-PH-EP-2015-071",
      SLACcitation   = "%%CITATION = ARXIV:1504.03634;%%",
}

@article{Carloni:2011kk,
      author         = "Carloni, Lisa and Rathsman, Johan and Sjostrand,
                        Torbjorn",
      title          = "{Discerning Secluded Sector gauge structures}",
      journal        = "JHEP",
      volume         = "1104",
      pages          = "091",
      doi            = "10.1007/JHEP04(2011)091",
      year           = "2011",
      eprint         = "1102.3795",
      archivePrefix  = "arXiv",
      primaryClass   = "hep-ph",
      reportNumber   = "LU-TP-11-09, MCNET-11-06",
      SLACcitation   = "%%CITATION = ARXIV:1102.3795;%%",
}

@article{Carloni:2010tw,
      author         = "Carloni, Lisa and Sjostrand, Torbjorn",
      title          = "{Visible Effects of Invisible Hidden Valley Radiation}",
      journal        = "JHEP",
      volume         = "1009",
      pages          = "105",
      doi            = "10.1007/JHEP09(2010)105",
      year           = "2010",
      eprint         = "1006.2911",
      archivePrefix  = "arXiv",
      primaryClass   = "hep-ph",
      reportNumber   = "LU-TP-10-17, MCNET-10-11",
      SLACcitation   = "%%CITATION = ARXIV:1006.2911;%%",
}

@article{Cacciari:2011ma,
      author         = "Cacciari, Matteo and Salam, Gavin P. and Soyez, Gregory",
      title          = "{FastJet User Manual}",
      journal        = "Eur.Phys.J.",
      volume         = "C72",
      pages          = "1896",
      doi            = "10.1140/epjc/s10052-012-1896-2",
      year           = "2012",
      eprint         = "1111.6097",
      archivePrefix  = "arXiv",
      primaryClass   = "hep-ph",
      reportNumber   = "CERN-PH-TH-2011-297",
      SLACcitation   = "%%CITATION = ARXIV:1111.6097;%%",
}

@article{Whally:2003,
  author={M R Whalley},
  title={A compilation of data on hadronic total cross sections in $e^+ e^-$ interactions},
  journal={Journal of Physics G: Nuclear and Particle Physics},
  volume={29},
  number={12A},
  pages={A1},
  url={http://stacks.iop.org/0954-3899/29/i=12A/a=R01},
  year={2003},
}

@article{Catani:2002hc,
      author         = "Catani, Stefano and Dittmaier, Stefan and Seymour,
                        Michael H. and Trocsanyi, Zoltan",
      title          = "{The Dipole formalism for next-to-leading order QCD
                        calculations with massive partons}",
      journal        = "Nucl.Phys.",
      volume         = "B627",
      pages          = "189-265",
      doi            = "10.1016/S0550-3213(02)00098-6",
      year           = "2002",
      eprint         = "hep-ph/0201036",
      archivePrefix  = "arXiv",
      primaryClass   = "hep-ph",
      reportNumber   = "CERN-TH-2001-305, DESY-01-099",
      SLACcitation   = "%%CITATION = HEP-PH/0201036;%%",
}

@article{Agashe:2014kda,
      author         = "Olive, K.A. and others",
      title          = "{Review of Particle Physics}",
      collaboration  = "Particle Data Group",
      journal        = "Chin.Phys.",
      volume         = "C38",
      pages          = "090001",
      doi            = "10.1088/1674-1137/38/9/090001",
      year           = "2014",
      SLACcitation   = "%%CITATION = CHPHD,C38,090001;%%",
}

@article{Ezhela:2003pp,
      author         = "Ezhela, V.V. and Lugovsky, S.B. and Zenin, O.V.",
      title          = "{Hadronic part of the muon g-2 estimated on the
                        sigma**2003(tot)(e+ e- ---> hadrons) evaluated data
                        compilation}",
      year           = "2003",
      eprint         = "hep-ph/0312114",
      archivePrefix  = "arXiv",
      primaryClass   = "hep-ph",
      reportNumber   = "IHEP-2003-35",
      SLACcitation   = "%%CITATION = HEP-PH/0312114;%%",
}

@misc{hepdata,
   title = {HEPDATA ON-LINE DATA REVIEW} ,
   howpublished={\url{http://hepdata.cedar.ac.uk/review/rsig/}}
}

@article{Sawala:2014xka,
      author         = "Sawala, Till and Frenk, Carlos S. and Fattahi, Azadeh and
                        Navarro, Julio F. and Bower, Richard G. and others",
      title          = "{Local Group galaxies emerge from the dark}",
      year           = "2014",
      eprint         = "1412.2748",
      archivePrefix  = "arXiv",
      primaryClass   = "astro-ph.GA",
      SLACcitation   = "%%CITATION = ARXIV:1412.2748;%%",
      keywords       = "Predictions for dark matter distributions",
      memo           = "Results from hydrodynamic simulations of the local group
        including baryons (EAGLE simulation) and apparently solving the missing
        satellites, too big to fail and ``planes of satellites'' problem.,",
}

@article{Jaeckel:2010ni,
      author         = "Jaeckel, Joerg and Ringwald, Andreas",
      title          = "{The Low-Energy Frontier of Particle Physics}",
      journal        = "Ann.Rev.Nucl.Part.Sci.",
      volume         = "60",
      pages          = "405-437",
      doi            = "10.1146/annurev.nucl.012809.104433",
      year           = "2010",
      eprint         = "1002.0329",
      archivePrefix  = "arXiv",
      primaryClass   = "hep-ph",
      reportNumber   = "CPT-10-18, DESY-10-016, IPPP-10-09",
      SLACcitation   = "%%CITATION = ARXIV:1002.0329;%%",
     keywords  = "Light Z' bosons, Hidden photons",
     memo      = "Review article on light hidden particles (WISPs) and
       how they can be searched for in astrophysical and laboratory experiments
       (light shining through wall etc.). Published version has nicer plots!",
}

@article{ArkaniHamed:2008qp,
      author         = "Arkani-Hamed, Nima and Weiner, Neal",
      title          = "{LHC Signals for a SuperUnified Theory of Dark Matter}",
      journal        = "JHEP",
      volume         = "0812",
      pages          = "104",
      doi            = "10.1088/1126-6708/2008/12/104",
      year           = "2008",
      eprint         = "0810.0714",
      archivePrefix  = "arXiv",
      primaryClass   = "hep-ph",
      SLACcitation   = "%%CITATION = ARXIV:0810.0714;%%",
      keywords       = "Dark Matter, Lepton Jets",
      memo           = "",
}

@article{Cheung:2009su,
      author         = "Cheung, Clifford and Ruderman, Joshua T. and Wang,
                        Lian-Tao and Yavin, Itay",
      title          = "{Lepton Jets in (Supersymmetric) Electroweak Processes}",
      journal        = "JHEP",
      volume         = "1004",
      pages          = "116",
      doi            = "10.1007/JHEP04(2010)116",
      year           = "2010",
      eprint         = "0909.0290",
      archivePrefix  = "arXiv",
      primaryClass   = "hep-ph",
      SLACcitation   = "%%CITATION = ARXIV:0909.0290;%%",
      keywords       = "SUSY phenomenology, Hidden valleys, Lepton jets",
      memo           = "Production of electroweakinos, which cascade decat into
  the dark sector, producing lots of soft dark gauge bosons, which decay to
leptons, leading to a lepton jet signature.",
}

@article{Katz:2009qq,
      author         = "Katz, Andrey and Sundrum, Raman",
      title          = "{Breaking the Dark Force}",
      journal        = "JHEP",
      volume         = "0906",
      pages          = "003",
      doi            = "10.1088/1126-6708/2009/06/003",
      year           = "2009",
      eprint         = "0902.3271",
      archivePrefix  = "arXiv",
      primaryClass   = "hep-ph",
      reportNumber   = "UMD-PP-09-031",
      SLACcitation   = "%%CITATION = ARXIV:0902.3271;%%",
      keywords       = "Dark matter models, SUSY phenomenology",
      memo           = "Dark sector models with GeV scale dark forces. Brief discussion
        of lepton jet signatures (which are not guaranteed).",
}

@article{Holdom:1985ag,
      author         = "Holdom, Bob",
      title          = "{Two U(1)'s and Epsilon Charge Shifts}",
      journal        = "Phys.Lett.",
      volume         = "B166",
      pages          = "196",
      doi            = "10.1016/0370-2693(86)91377-8",
      year           = "1986",
      reportNumber   = "UTPT-85-30",
      SLACcitation   = "%%CITATION = PHLTA,B166,196;%%",
}

@article{Tulin:2012wi,
      author         = "Tulin, Sean and Yu, Hai-Bo and Zurek, Kathryn M.",
      title          = "{Resonant Dark Forces and Small Scale Structure}",
      journal        = "Phys.Rev.Lett.",
      number         = "11",
      volume         = "110",
      pages          = "111301",
      doi            = "10.1103/PhysRevLett.110.111301",
      year           = "2013",
      eprint         = "1210.0900",
      archivePrefix  = "arXiv",
      primaryClass   = "hep-ph",
      reportNumber   = "MCTP-12-27",
      SLACcitation   = "%%CITATION = ARXIV:1210.0900;%%",
}

@article{Spergel:1999mh,
      author         = "Spergel, David N. and Steinhardt, Paul J.",
      title          = "{Observational evidence for selfinteracting cold dark
                        matter}",
      journal        = "Phys.Rev.Lett.",
      volume         = "84",
      pages          = "3760-3763",
      doi            = "10.1103/PhysRevLett.84.3760",
      year           = "2000",
      eprint         = "astro-ph/9909386",
      archivePrefix  = "arXiv",
      primaryClass   = "astro-ph",
      SLACcitation   = "%%CITATION = ASTRO-PH/9909386;%%",
}

@article{Autran:2015mfa,
      author         = "Autran, Marcelo and Bauer, Kevin and Lin, Tongyan and
                        Whiteson, Daniel",
      title          = "{Mono-Z': searches for dark matter in events with a
                        resonance and missing transverse energy}",
      year           = "2015",
      eprint         = "1504.01386",
      archivePrefix  = "arXiv",
      primaryClass   = "hep-ph",
      SLACcitation   = "%%CITATION = ARXIV:1504.01386;%%",
}

@article{Bai:2015nfa,
      author         = "Bai, Yang and Bourbeau, James and Lin, Tongyan",
      title          = "{Dark Matter Searches with a Mono-Z' jet}",
      year           = "2015",
      eprint         = "1504.01395",
      archivePrefix  = "arXiv",
      primaryClass   = "hep-ph",
      SLACcitation   = "%%CITATION = ARXIV:1504.01395;%%",
}

@article{Gupta:2015lfa,
      author         = "Gupta, Arpit and Primulando, Reinard and Saraswat,
                        Prashant",
      title          = "{A New Probe of Dark Sector Dynamics at the LHC}",
      year           = "2015",
      eprint         = "1504.01385",
      archivePrefix  = "arXiv",
      primaryClass   = "hep-ph",
      reportNumber   = "UMD-PP-015-007",
      SLACcitation   = "%%CITATION = ARXIV:1504.01385;%%",
}

@article{Bai:2011wy,
      author         = "Bai, Yang and Rajaraman, Arvind",
      title          = "{Dark Matter Jets at the LHC}",
      year           = "2011",
      eprint         = "1109.6009",
      archivePrefix  = "arXiv",
      primaryClass   = "hep-ph",
      reportNumber   = "SLAC-PUB-14617, UCI-TR-2011-21",
      SLACcitation   = "%%CITATION = ARXIV:1109.6009;%%",
}


@article{Cirelli:2008pk,
      author         = "Cirelli, Marco and Kadastik, Mario and Raidal, Martti and
                        Strumia, Alessandro",
      title          = "{Model-independent implications of the e+-, anti-proton
                        cosmic ray spectra on properties of Dark Matter}",
      journal        = "Nucl.Phys.",
      volume         = "B813",
      pages          = "1-21",
      doi            = "10.1016/j.nuclphysb.2013.05.002,
                        10.1016/j.nuclphysb.2008.11.031",
      year           = "2009",
      eprint         = "0809.2409",
      archivePrefix  = "arXiv",
      primaryClass   = "hep-ph",
      reportNumber   = "IFUP-TH-2008-27, SACLAY-T08-139",
      SLACcitation   = "%%CITATION = ARXIV:0809.2409;%%",
}

@article{Hisano:2003ec,
      author         = "Hisano, Junji and Matsumoto, Shigeki and Nojiri, Mihoko
                        M.",
      title          = "{Explosive dark matter annihilation}",
      journal        = "Phys.Rev.Lett.",
      volume         = "92",
      pages          = "031303",
      doi            = "10.1103/PhysRevLett.92.031303",
      year           = "2004",
      eprint         = "hep-ph/0307216",
      archivePrefix  = "arXiv",
      primaryClass   = "hep-ph",
      reportNumber   = "ICRR-REPORT-500-2003-4, YITP-03-42",
      SLACcitation   = "%%CITATION = HEP-PH/0307216;%%",
}

@article{ArkaniHamed:2008qn,
      author         = "Arkani-Hamed, Nima and Finkbeiner, Douglas P. and
                        Slatyer, Tracy R. and Weiner, Neal",
      title          = "{A Theory of Dark Matter}",
      journal        = "Phys.Rev.",
      volume         = "D79",
      pages          = "015014",
      doi            = "10.1103/PhysRevD.79.015014",
      year           = "2009",
      eprint         = "0810.0713",
      archivePrefix  = "arXiv",
      primaryClass   = "hep-ph",
      SLACcitation   = "%%CITATION = ARXIV:0810.0713;%%",
}

@article{Bai:2009it,
      author         = "Bai, Yang and Han, Zhenyu",
      title          = "{Measuring the Dark Force at the LHC}",
      journal        = "Phys.Rev.Lett.",
      volume         = "103",
      pages          = "051801",
      doi            = "10.1103/PhysRevLett.103.051801",
      year           = "2009",
      eprint         = "0902.0006",
      archivePrefix  = "arXiv",
      primaryClass   = "hep-ph",
      reportNumber   = "FERMILAB-PUB-09-026-T",
      SLACcitation   = "%%CITATION = ARXIV:0902.0006;%%",
     keywords  = "LHC, Dark matter",
     memo      = "If PAMELA is explained by Sommerfeld-enhanced DM annihilation,
       the required long-range (light mediator) force may be studied at the
       LHC because, along with the DM, the mediator may be produced (final state
       radiation), and can subsequently decay into two leptons.",
}

@article{Baumgart:2009tn,
      author         = "Baumgart, Matthew and Cheung, Clifford and Ruderman,
                        Joshua T. and Wang, Lian-Tao and Yavin, Itay",
      title          = "{Non-Abelian Dark Sectors and Their Collider Signatures}",
      journal        = "JHEP",
      volume         = "0904",
      pages          = "014",
      doi            = "10.1088/1126-6708/2009/04/014",
      year           = "2009",
      eprint         = "0901.0283",
      archivePrefix  = "arXiv",
      primaryClass   = "hep-ph",
      SLACcitation   = "%%CITATION = ARXIV:0901.0283;%%",
     keywords  = "Dark matter models, DM at colliders",
     memo      = "Classification of Arkani-Hamed type DM models with
       non-abelian dark gauge sectors.",
}

@article{Chan:2011aa,
      author         = "Chan, Yuk Fung and Low, Matthew and Morrissey, David E.
                        and Spray, Andrew P.",
      title          = "{LHC Signatures of a Minimal Supersymmetric Hidden
                        Valley}",
      journal        = "JHEP",
      volume         = "1205",
      pages          = "155",
      doi            = "10.1007/JHEP05(2012)155",
      year           = "2012",
      eprint         = "1112.2705",
      archivePrefix  = "arXiv",
      primaryClass   = "hep-ph",
      SLACcitation   = "%%CITATION = ARXIV:1112.2705;%%",
      keywords       = "SUSY phenomenology, Hidden valleys, Lepton jets",
      memo           = "Hidden valley with boosted cascades leading to lepton jets",
}

@article{Falkowski:2010gv,
      author         = "Falkowski, Adam and Ruderman, Joshua T. and Volansky,
                        Tomer and Zupan, Jure",
      title          = "{Discovering Higgs Decays to Lepton Jets at Hadron
                        Colliders}",
      journal        = "Phys.Rev.Lett.",
      volume         = "105",
      pages          = "241801",
      doi            = "10.1103/PhysRevLett.105.241801",
      year           = "2010",
      eprint         = "1007.3496",
      archivePrefix  = "arXiv",
      primaryClass   = "hep-ph",
      SLACcitation   = "%%CITATION = ARXIV:1007.3496;%%",
      keywords       = "Higgs physics, Lepton jets",
      memo           = "Higgs decays to hidden sector, with decay back to SM leptons.
        Characteristic signature: lepton jet.",
}

@article{Curtin:2013fra,
      author         = "Curtin, David and Essig, Rouven and Gori, Stefania and
                        Jaiswal, Prerit and Katz, Andrey and others",
      title          = "{Exotic Decays of the 125 GeV Higgs Boson}",
      year           = "2013",
      eprint         = "1312.4992",
      archivePrefix  = "arXiv",
      primaryClass   = "hep-ph",
      SLACcitation   = "%%CITATION = ARXIV:1312.4992;%%",
      keywords       = "Higgs physics",
      memo           = "A > 200 page paper on exotic Higgs decays, namely h -> invisible,
        h -> 4b, h -> 2b2\tau, h -> 2b2\mu, h -> 4\tau, 2\tau2\mu, h -> 4j, h -> 2\gamma 2j
        h -> 4\gamma, h -> Z Z_dark, Z a -> 4 l, h -> Z_D, Z_D, h -> \gamma + MET,
        h -> 2\gamma + MET, h -> 4 leptons + MET, h -> 2 l + MET, h -> Lepton Jets + X,
        h -> bb + MET, h -> \tau\tau + MET. It is always assumed that the
        initial decay is to two new particles, which then decay further.  In
        each case, the authors give a theoretical motivation and summarize
        existing studies and limits, and they give proposals for future
        searches. Note the absence of flavor violating decays (which does not fit
        in here because of the absence of new particles in the decay) :-)",
}

@article{Batell:2009yf,
      author         = "Batell, Brian and Pospelov, Maxim and Ritz, Adam",
      title          = "{Probing a Secluded U(1) at B-factories}",
      journal        = "Phys.Rev.",
      volume         = "D79",
      pages          = "115008",
      doi            = "10.1103/PhysRevD.79.115008",
      year           = "2009",
      eprint         = "0903.0363",
      archivePrefix  = "arXiv",
      primaryClass   = "hep-ph",
      SLACcitation   = "%%CITATION = ARXIV:0903.0363;%%",
      keywords       = "Light Z' bosons, Hidden photons, Dark photons",
      memo           = "",
}

@article{Essig:2009nc,
      author         = "Essig, Rouven and Schuster, Philip and Toro, Natalia",
      title          = "{Probing Dark Forces and Light Hidden Sectors at
                        Low-Energy e+e- Colliders}",
      journal        = "Phys.Rev.",
      volume         = "D80",
      pages          = "015003",
      doi            = "10.1103/PhysRevD.80.015003",
      year           = "2009",
      eprint         = "0903.3941",
      archivePrefix  = "arXiv",
      primaryClass   = "hep-ph",
      keywords  = "Dark matter models, DM at colliders",
      memo      = "42 page study of hidden (DM) sector particle production
        and decay in e+e- collider data (existing and future).",
}


@article{Schwaller:2015gea,
      author         = "Schwaller, Pedro and Stolarski, Daniel and Weiler,
                        Andreas",
      title          = "{Emerging Jets}",
      year           = "2015",
      eprint         = "1502.05409",
      archivePrefix  = "arXiv",
      primaryClass   = "hep-ph",
      reportNumber   = "CERN-PH-TH-2015-031, DESY-15-026",
      SLACcitation   = "%%CITATION = ARXIV:1502.05409;%%",
      keywords       = "DM at colliders, Dark matter models",
      memo           = "The authors discuss scenarios with an extended dark sector
        that leads to ``dark parton showers'' when DM is produced at the LHC.
        The dark pions (and other dark hadrons) decay back into SM jets at a
        displaced vertex. The signature is a calorimeter jet with mostly displaced
        tracks associated, and with several vertices within the jet cone.",
}

@article{Cohen:2015toa,
      author         = "Cohen, Timothy and Lisanti, Mariangela and Lou, Hou
                        Keong",
      title          = "{Semi-visible Jets: Dark Matter Undercover at the LHC}",
      year           = "2015",
      eprint         = "1503.00009",
      archivePrefix  = "arXiv",
      primaryClass   = "hep-ph",
      SLACcitation   = "%%CITATION = ARXIV:1503.00009;%%",
      keywords       = "Dark matter models",
      memo           = "The authors consider DM models with a QCD-like hidden
        sector. When DM is produced at the LHC in these models, a dark parton
        shower arises, consisting of stable invisible particles and unstable
        particles that decay back to the SM (example: heavy squark decaying to
        a jet and a highly boosted light DM particle).  Since the MET is aligned with
        a jet in these searches, conventional searches reject them. For the
        case of semi-visible jets produced throgh an s-channel resonance, the authors
        propose a way of searching for the semi-visible jets using
        the transverse mass of the visible objects and the MET.",
}

@article{Plehn:2009nd,
      author         = "Plehn, Tilman",
      title          = "{Lectures on LHC Physics}",
      journal        = "Lect.Notes Phys.",
      volume         = "844",
      pages          = "1-193",
      doi            = "10.1007/978-3-642-24040-9",
      year           = "2012",
      eprint         = "0910.4182",
      archivePrefix  = "arXiv",
      primaryClass   = "hep-ph",
      SLACcitation   = "%%CITATION = ARXIV:0910.4182;%%",
}

@article{Ciafaloni:2010ti,
      author         = "Ciafaloni, Paolo and Comelli, Denis and Riotto, Antonio
                        and Sala, Filippo and Strumia, Alessandro and others",
      title          = "{Weak Corrections are Relevant for Dark Matter Indirect
                        Detection}",
      journal        = "JCAP",
      volume         = "1103",
      pages          = "019",
      doi            = "10.1088/1475-7516/2011/03/019",
      year           = "2011",
      eprint         = "1009.0224",
      archivePrefix  = "arXiv",
      primaryClass   = "hep-ph",
      reportNumber   = "IFUP-TH-2010-24, CERN-PH-TH-2010-179",
      SLACcitation   = "%%CITATION = ARXIV:1009.0224;%%",
     keywords  = "Dark matter",
     memo      = "It is shown that radiative corrections to the DM annihilation
       and decay amplitudes are phenomenologically important - they can modify
       energy spectra, and new channels may be opened if radiative corrections
       are included. Radiative corrections are most important when the observed
       part of the spectrum is low energy compared to the DM mass (e.g. PAMELA),
       or when a certain channel is only accessible radiatively.",
}

@article{Vogelsberger:2014kha,
      author         = "Vogelsberger, Mark and Genel, Shy and Springel, Volker
                        and Torrey, Paul and Sijacki, Debora and others",
      title          = "{Properties of galaxies reproduced by a hydrodynamic
                        simulation}",
      journal        = "Nature",
      volume         = "509",
      pages          = "177-182",
      doi            = "10.1038/nature13316",
      year           = "2014",
      eprint         = "1405.1418",
      archivePrefix  = "arXiv",
      primaryClass   = "astro-ph.CO",
      SLACcitation   = "%%CITATION = ARXIV:1405.1418;%%",
      keywords       = "Predictions for dark matter distributions",
      memo           = "Results from the ILLUSTRIS simulation (including baryons)
        which is in agreement with small scale structure data (unlike a DM-only
        simulation).",
}

@article{Aad:2014yea,
      author         = "Aad, Georges and others",
      title          = "{Search for long-lived neutral particles decaying into
                        lepton jets in proton-proton collisions at $ \sqrt{s}=8 $
                        TeV with the ATLAS detector}",
      collaboration  = "ATLAS",
      journal        = "JHEP",
      volume         = "1411",
      pages          = "088",
      doi            = "10.1007/JHEP11(2014)088",
      year           = "2014",
      eprint         = "1409.0746",
      archivePrefix  = "arXiv",
      primaryClass   = "hep-ex",
      reportNumber   = "CERN-PH-EP-2014-209",
      SLACcitation   = "%%CITATION = ARXIV:1409.0746;%%",
      keywords       = "LHC, ATLAS, Lepton jets",
      memo           = "",
}

@article{Pospelov:2008zw,
      author         = "Pospelov, Maxim",
      title          = "{Secluded U(1) below the weak scale}",
      journal        = "Phys.Rev.",
      volume         = "D80",
      pages          = "095002",
      doi            = "10.1103/PhysRevD.80.095002",
      year           = "2009",
      eprint         = "0811.1030",
      archivePrefix  = "arXiv",
      primaryClass   = "hep-ph",
      SLACcitation   = "%%CITATION = ARXIV:0811.1030;%%",
}

@article{Davoudiasl:2012ig,
      author         = "Davoudiasl, Hooman and Lee, Hye-Sung and Marciano,
                        William J.",
      title          = "{Dark Side of Higgs Diphoton Decays and Muon g-2}",
      journal        = "Phys.Rev.",
      volume         = "D86",
      pages          = "095009",
      doi            = "10.1103/PhysRevD.86.095009",
      year           = "2012",
      eprint         = "1208.2973",
      archivePrefix  = "arXiv",
      primaryClass   = "hep-ph",
      SLACcitation   = "%%CITATION = ARXIV:1208.2973;%%",
}

@article{Endo:2012hp,
      author         = "Endo, Motoi and Hamaguchi, Koichi and Mishima, Go",
      title          = "{Constraints on Hidden Photon Models from Electron g-2
                        and Hydrogen Spectroscopy}",
      journal        = "Phys.Rev.",
      volume         = "D86",
      pages          = "095029",
      doi            = "10.1103/PhysRevD.86.095029",
      year           = "2012",
      eprint         = "1209.2558",
      archivePrefix  = "arXiv",
      primaryClass   = "hep-ph",
      reportNumber   = "UT-12-31, IPMU12-172",
      SLACcitation   = "%%CITATION = ARXIV:1209.2558;%%",
}

@article{Agakishiev:2013fwl,
      author         = "Agakishiev, G. and others",
      title          = "{Searching a Dark Photon with HADES}",
      collaboration  = "HADES",
      journal        = "Phys.Lett.",
      volume         = "B731",
      pages          = "265-271",
      doi            = "10.1016/j.physletb.2014.02.035",
      year           = "2014",
      eprint         = "1311.0216",
      archivePrefix  = "arXiv",
      primaryClass   = "hep-ex",
      SLACcitation   = "%%CITATION = ARXIV:1311.0216;%%",
}

@article{Babusci:2012cr,
      author         = "Babusci, D. and others",
      title          = "{Limit on the production of a light vector gauge boson in
                        phi meson decays with the KLOE detector}",
      collaboration  = "KLOE-2",
      journal        = "Phys.Lett.",
      volume         = "B720",
      pages          = "111-115",
      doi            = "10.1016/j.physletb.2013.01.067",
      year           = "2013",
      eprint         = "1210.3927",
      archivePrefix  = "arXiv",
      primaryClass   = "hep-ex",
      SLACcitation   = "%%CITATION = ARXIV:1210.3927;%%",
}

@article{Babusci:2014sta,
      author         = "Babusci, D. and others",
      title          = "{Search for light vector boson production in $e^+e^-
                        \rightarrow \mu^+ \mu^- \gamma$ interactions with the KLOE
                        experiment}",
      collaboration  = "KLOE-2",
      journal        = "Phys.Lett.",
      volume         = "B736",
      pages          = "459-464",
      doi            = "10.1016/j.physletb.2014.08.005",
      year           = "2014",
      eprint         = "1404.7772",
      archivePrefix  = "arXiv",
      primaryClass   = "hep-ex",
      SLACcitation   = "%%CITATION = ARXIV:1404.7772;%%",
}

@article{Abrahamyan:2011gv,
      author         = "Abrahamyan, S. and others",
      title          = "{Search for a New Gauge Boson in Electron-Nucleus
                        Fixed-Target Scattering by the APEX Experiment}",
      collaboration  = "APEX",
      journal        = "Phys.Rev.Lett.",
      volume         = "107",
      pages          = "191804",
      doi            = "10.1103/PhysRevLett.107.191804",
      year           = "2011",
      eprint         = "1108.2750",
      archivePrefix  = "arXiv",
      primaryClass   = "hep-ex",
      reportNumber   = "JLAB-PHY-11-1406, SLAC-PUB-14491,
                        JLAB-PHY-11-1406---SLAC-PUB-14491,
                        JLAB-PHY-11-1406---SLAC-PUB-14491",
      SLACcitation   = "%%CITATION = ARXIV:1108.2750;%%",
}

@article{Lees:2014xha,
      author         = "Lees, J.P. and others",
      title          = "{Search for a Dark Photon in $e^+e^-$ Collisions at
                        BaBar}",
      collaboration  = "BaBar",
      journal        = "Phys.Rev.Lett.",
      number         = "20",
      volume         = "113",
      pages          = "201801",
      doi            = "10.1103/PhysRevLett.113.201801",
      year           = "2014",
      eprint         = "1406.2980",
      archivePrefix  = "arXiv",
      primaryClass   = "hep-ex",
      reportNumber   = "BABAR-PUB-14-002, SLAC-PUB-15979",
      SLACcitation   = "%%CITATION = ARXIV:1406.2980;%%",
}

@article{Blumlein:2011mv,
      author         = "{Bl\"{u}mlein}, Johannes and Brunner, Jurgen",
      title          = "{New Exclusion Limits for Dark Gauge Forces from
                        Beam-Dump Data}",
      journal        = "Phys.Lett.",
      volume         = "B701",
      pages          = "155-159",
      doi            = "10.1016/j.physletb.2011.05.046",
      year           = "2011",
      eprint         = "1104.2747",
      archivePrefix  = "arXiv",
      primaryClass   = "hep-ex",
      reportNumber   = "DESY-11-062, DO-TH-11-11, SFB-CPP-11-18, LPN-11-17,
                        DESY-11--062, DO--TH-11-11, SFB-CPP--11--18, LPN-11--17",
      SLACcitation   = "%%CITATION = ARXIV:1104.2747;%%",
}

@article{Bjorken:2009mm,
      author         = "Bjorken, James D. and Essig, Rouven and Schuster, Philip
                        and Toro, Natalia",
      title          = "{New Fixed-Target Experiments to Search for Dark Gauge
                        Forces}",
      journal        = "Phys.Rev.",
      volume         = "D80",
      pages          = "075018",
      doi            = "10.1103/PhysRevD.80.075018",
      year           = "2009",
      eprint         = "0906.0580",
      archivePrefix  = "arXiv",
      primaryClass   = "hep-ph",
      reportNumber   = "SLAC-PUB-13650, SU-ITP-09-22",
      SLACcitation   = "%%CITATION = ARXIV:0906.0580;%%",
}

@article{Bross:1989mp,
      author         = "Bross, A. and Crisler, M. and Pordes, Stephen H. and
                        Volk, J. and Errede, S. and others",
      title          = "{A Search for Shortlived Particles Produced in an
                        Electron Beam Dump}",
      journal        = "Phys.Rev.Lett.",
      volume         = "67",
      pages          = "2942-2945",
      doi            = "10.1103/PhysRevLett.67.2942",
      year           = "1991",
      reportNumber   = "FERMILAB-PUB-89-138-E",
      SLACcitation   = "%%CITATION = PRLTA,67,2942;%%",
}

@article{Merkel:2011ze,
      author         = "Merkel, H. and others",
      title          = "{Search for Light Gauge Bosons of the Dark Sector at the
                        Mainz Microtron}",
      collaboration  = "A1",
      journal        = "Phys.Rev.Lett.",
      volume         = "106",
      pages          = "251802",
      doi            = "10.1103/PhysRevLett.106.251802",
      year           = "2011",
      eprint         = "1101.4091",
      archivePrefix  = "arXiv",
      primaryClass   = "nucl-ex",
      SLACcitation   = "%%CITATION = ARXIV:1101.4091;%%",
}

@article{Davier:1989wz,
      author         = "Davier, M. and Nguyen Ngoc, H.",
      title          = "{An Unambiguous Search for a Light Higgs Boson}",
      journal        = "Phys.Lett.",
      volume         = "B229",
      pages          = "150",
      doi            = "10.1016/0370-2693(89)90174-3",
      year           = "1989",
      reportNumber   = "LAL 89-24",
      SLACcitation   = "%%CITATION = PHLTA,B229,150;%%",
}

@article{Blumlein:2013cua,
      author         = "{Bl\"{u}mlein}, Johannes and Brunner, Jürgen",
      title          = "{New Exclusion Limits on Dark Gauge Forces from Proton
                        Bremsstrahlung in Beam-Dump Data}",
      journal        = "Phys.Lett.",
      volume         = "B731",
      pages          = "320-326",
      doi            = "10.1016/j.physletb.2014.02.029",
      year           = "2014",
      eprint         = "1311.3870",
      archivePrefix  = "arXiv",
      primaryClass   = "hep-ph",
      reportNumber   = "DESY-13-202, DO-TH-13-29, SFB-CPP-13-87, LPN-13-087",
      SLACcitation   = "%%CITATION = ARXIV:1311.3870;%%",
}

@article{Gninenko:2012eq,
      author         = "Gninenko, S.N.",
      title          = "{Constraints on sub-GeV hidden sector gauge bosons from a
                        search for heavy neutrino decays}",
      journal        = "Phys.Lett.",
      volume         = "B713",
      pages          = "244-248",
      doi            = "10.1016/j.physletb.2012.06.002",
      year           = "2012",
      eprint         = "1204.3583",
      archivePrefix  = "arXiv",
      primaryClass   = "hep-ph",
      SLACcitation   = "%%CITATION = ARXIV:1204.3583;%%",
}

@article{Essig:2010gu,
      author         = "Essig, Rouven and Harnik, Roni and Kaplan, Jared and
                        Toro, Natalia",
      title          = "{Discovering New Light States at Neutrino Experiments}",
      journal        = "Phys.Rev.",
      volume         = "D82",
      pages          = "113008",
      doi            = "10.1103/PhysRevD.82.113008",
      year           = "2010",
      eprint         = "1008.0636",
      archivePrefix  = "arXiv",
      primaryClass   = "hep-ph",
      reportNumber   = "SLAC-PUB-14197, FERMILAB-PUB-10-274-T",
      SLACcitation   = "%%CITATION = ARXIV:1008.0636;%%",
}

@article{Dent:2012mx,
      author         = "Dent, James B. and Ferrer, Francesc and Krauss, Lawrence
                        M.",
      title          = "{Constraints on Light Hidden Sector Gauge Bosons from
                        Supernova Cooling}",
      year           = "2012",
      eprint         = "1201.2683",
      archivePrefix  = "arXiv",
      primaryClass   = "astro-ph.CO",
      SLACcitation   = "%%CITATION = ARXIV:1201.2683;%%",
}

@article{Dreiner:2013mua,
      author         = "Dreiner, Herbert K. and Fortin, Jean-François and
                        Hanhart, Christoph and Ubaldi, Lorenzo",
      title          = "{Supernova constraints on MeV dark sectors from $e^+e^-$
                        annihilations}",
      journal        = "Phys.Rev.",
      number         = "10",
      volume         = "D89",
      pages          = "105015",
      doi            = "10.1103/PhysRevD.89.105015",
      year           = "2014",
      eprint         = "1310.3826",
      archivePrefix  = "arXiv",
      primaryClass   = "hep-ph",
      reportNumber   = "BONN-TH-2013-18, CERN-PH-TH-2013-242, SU-ITP-13-19,
                        CETUP2013-017",
      SLACcitation   = "%%CITATION = ARXIV:1310.3826;%%",
}

@article{CERNNA48/2:2015lha,
      key            = "1357601",
      title          = "{Search for the dark photon in $\pi^0$ decays}",
      collaboration  = "CERN NA48/2",
      year           = "2015",
      eprint         = "1504.00607",
      archivePrefix  = "arXiv",
      primaryClass   = "hep-ex",
      reportNumber   = "CERN-PH-EP-2015-093",
      SLACcitation   = "%%CITATION = ARXIV:1504.00607;%%",
}

@misc{wiki:mel,
  author = {{Mellin transform}},
  title = "Mellin transform --- {W}ikipedia{,} The Free Encyclopedia",
  year = "2015",
  url = "http://en.wikipedia.org/wiki/Mellin_transform",
}
@article{Massey:2015dkw,
      author         = "Massey, Richard and Williams, Liliya and Smit, Renske and
                        Swinbank, Mark and Kitching, Thomas D. and others",
      title          = "{The behaviour of dark matter associated with 4 bright
                        cluster galaxies in the 10kpc core of Abell 3827}",
      journal        = "Mon.Not.Roy.Astron.Soc.",
      volume         = "449",
      pages          = "3393",
      doi            = "10.1093/mnras/stv467",
      year           = "2015",
      eprint         = "1504.03388",
      archivePrefix  = "arXiv",
      primaryClass   = "astro-ph.CO",
      SLACcitation   = "%%CITATION = ARXIV:1504.03388;%%",
      keywords       = "Dark matter experiments",
      memo           = "Observation of Abell 3827, possibly pointing towards self-interacting
        DM.",
}

@article{Kahlhoefer:2015vua,
      author         = "Kahlhoefer, Felix and Schmidt-Hoberg, Kai and Kummer,
                        Janis and Sarkar, Subir",
      title          = "{On the interpretation of dark matter self-interactions
                        in Abell 3827}",
      year           = "2015",
      eprint         = "1504.06576",
      archivePrefix  = "arXiv",
      primaryClass   = "astro-ph.CO",
      reportNumber   = "DESY-15-058",
      SLACcitation   = "%%CITATION = ARXIV:1504.06576;%%",
      keywords       = "Dark matter, Indirect DM detection",
      memo           = "The authors comment on the observation of Abell 3827,
        which could be interpreted as evidence for DM self-interactions.
        They find a required self-interaction strength of \sigma/m_DM \sim
        1.5 cm^2 / gram for a contact interaction, much smaller than previous
        estimates. They achieve this using N-body-like simulations of the
        stars and the DM in the cluster.",
}

@article{Sjostrand:2014zea,
      author         = "Sjöstrand, Torbjörn and Ask, Stefan and Christiansen,
                        Jesper R. and Corke, Richard and Desai, Nishita and
                        others",
      title          = "{An Introduction to PYTHIA 8.2}",
      year           = "2014",
      eprint         = "1410.3012",
      archivePrefix  = "arXiv",
      primaryClass   = "hep-ph",
      reportNumber   = "LU-TP-14-36, MCNET-14-22, CERN-PH-TH-2014-190,
                        --FERMILAB-PUB-14-316-CD, DESY-14-178, SLAC-PUB-16122",
      SLACcitation   = "%%CITATION = ARXIV:1410.3012;%%",
      keywords       = "Software, Pythia 8.2",
      memo           = "",
}

@article{Khachatryan:2014rra,
      author         = "Khachatryan, Vardan and others",
      title          = "{Search for dark matter, extra dimensions, and
                        unparticles in monojet events in proton-proton collisions
                        at sqrt(s) = 8 TeV}",
      collaboration  = " CMS Collaboration",
      year           = "2014",
      eprint         = "1408.3583",
      archivePrefix  = "arXiv",
      primaryClass   = "hep-ex",
      reportNumber   = "CMS-EXO-12-048, CERN-PH-EP-2014-164",
      SLACcitation   = "%%CITATION = ARXIV:1408.3583;%%",
      keywords       = "LHC, CMS, DM at colliders",
      memo           = "An update of the CMS monojet search.",
}

@article{Liu:2014cma,
      author         = "Liu, Jia and Weiner, Neal and Xue, Wei",
      title          = "{Signals of a Light Dark Force in the Galactic Center}",
      year           = "2014",
      eprint         = "1412.1485",
      archivePrefix  = "arXiv",
      primaryClass   = "hep-ph",
      SLACcitation   = "%%CITATION = ARXIV:1412.1485;%%",
      keywords       = "Dark matter, Indirect DM detection, Hooperon",
      memo           = "Explaining the GC gamma ray excess in models with a light
        dark phton, where DM annihilates into dark photons which subsequently decay
        to leptons (decays to heavier particles being kinematically forbidden).",
}

@article{Read:2002hq,
      author         = "Read, Alexander L.",
      title          = "{Presentation of search results: The CL(s) technique}",
      journal        = "J.Phys.",
      volume         = "G28",
      pages          = "2693-2704",
      doi            = "10.1088/0954-3899/28/10/313",
      year           = "2002",
      SLACcitation   = "%%CITATION = INSPIRE-599622;%%",
      keywords       = "Statistics",
      memo           = "Reference for the CL_s method, cited e.g. in 1204.3851.",
}

@article{Arbuzov:1999cq,
      author         = "Arbuzov, A.B.",
      title          = "{Nonsinglet splitting functions in QED}",
      journal        = "Phys.Lett.",
      volume         = "B470",
      pages          = "252-258",
      doi            = "10.1016/S0370-2693(99)01290-3",
      year           = "1999",
      eprint         = "hep-ph/9908361",
      archivePrefix  = "arXiv",
      primaryClass   = "hep-ph",
      SLACcitation   = "%%CITATION = HEP-PH/9908361;%%",
      keywords       = "Quantum field theory, QED, Parton showers",
      memo           = "Recursion relations for parton splitting in QED",
}

@Book{Arfken:2008,
      author         = {Arfken, G.B. and Weber, H.J.},
      title          = {Mathematical methods for physicists},
      isbn           = {9780120598762},
      url            = {https://books.google.de/books?id=f3aCnXWV1CcC},
      year           = {2008},
      publisher      = {Elsevier Acad. Press},
      keywords     = "Mathematics General",
      memo         = "",
}

@article{Cooley:1965,
     author    = {Cooley, James W. and Tukey, John W.},
     title     = {An algorithm for the machine calculation of complex Fourier series},
     journal   = {Math. Comput.},
     volume    = {19},
     year      = {1965},
     abstract  = {},
     pages     = {297-301},
     keywords  = "Numerical analysis",
     memo      = "The original paper on the FFT algorithm",
}

@article{Aad:2014aqa,
      author         = "Aad, G. and others",
      title          = "{Search for new phenomena in the dijet mass distribution
                        using $p-p$ collision data at $\sqrt{s}=8$ TeV with the
                        ATLAS detector}",
      collaboration  = "ATLAS",
      journal        = "Phys.Rev.",
      number         = "5",
      volume         = "D91",
      pages          = "052007",
      doi            = "10.1103/PhysRevD.91.052007",
      year           = "2015",
      eprint         = "1407.1376",
      archivePrefix  = "arXiv",
      primaryClass   = "hep-ex",
      reportNumber   = "CERN-PH-EP-2014-147",
      SLACcitation   = "%%CITATION = ARXIV:1407.1376;%%",
      keywords       = "LHC, ATLAS, Dijets",
      memo           = "ATLAS dijet search",
}

@article{Buschmann:2015awa,
      author         = "Buschmann, Malte and Kopp, Joachim and Liu, Jia and
                        Machado, Pedro A. N.",
      title          = "{Lepton Jets from Radiating Dark Matter}",
      journal        = "JHEP",
      volume         = "07",
      year           = "2015",
      pages          = "045",
      doi            = "10.1007/JHEP07(2015)045",
      eprint         = "1505.07459",
      archivePrefix  = "arXiv",
      primaryClass   = "hep-ph",
      reportNumber   = "MITP-15-036, IFT-UAM-CSIC-15-047, FTUAM-15-13",
      SLACcitation   = "%%CITATION = ARXIV:1505.07459;%%"
}

@article{Aad:2015sms,
      author         = "Aad, Georges and others",
      title          = "{A search for prompt lepton-jets in $pp$ collisions at
                        $\sqrt{s}=$ 8 TeV with the ATLAS detector}",
      collaboration  = "ATLAS",
      journal        = "JHEP",
      volume         = "02",
      year           = "2016",
      pages          = "062",
      doi            = "10.1007/JHEP02(2016)062",
      eprint         = "1511.05542",
      archivePrefix  = "arXiv",
      primaryClass   = "hep-ex",
      reportNumber   = "CERN-PH-EP-2015-242",
      SLACcitation   = "%%CITATION = ARXIV:1511.05542;%%"
}

@article{ATLAS:2016jza,
      author         = "The ATLAS collaboration",
      title          = "{Search for long-lived neutral particles decaying into
                        displaced lepton jets in proton--proton collisions at
                        $\sqrt{s}$ = 13 TeV with the ATLAS detector}",
      collaboration  = "ATLAS",
      year           = "2016",
      reportNumber   = "ATLAS-CONF-2016-042",
      SLACcitation   = "%%CITATION = ATLAS-CONF-2016-042;%%"
}

@article{Khachatryan:2015wka,
      author         = "Khachatryan, V. and others",
      title          = "{A search for pair production of new light bosons
                        decaying into muons}",
      collaboration  = "CMS",
      journal        = "Phys. Lett.",
      volume         = "B752",
      year           = "2016",
      pages          = "146-168",
      doi            = "10.1016/j.physletb.2015.10.067",
      eprint         = "1506.00424",
      archivePrefix  = "arXiv",
      primaryClass   = "hep-ex",
      reportNumber   = "CMS-HIG-13-010, CERN-PH-EP-2015-116",
      SLACcitation   = "%%CITATION = ARXIV:1506.00424;%%"
}


@article{Beauchesne:2017yhh,
      author         = "Beauchesne, Hugues and Bertuzzo, Enrico and Grilli Di
                        Cortona, Giovanni and Tabrizi, Zahra",
      title          = "{Collider phenomenology of Hidden Valley mediators of
                        spin 0 or 1/2 with semivisible jets}",
      year           = "2017",
      eprint         = "1712.07160",
      archivePrefix  = "arXiv",
      primaryClass   = "hep-ph",
      SLACcitation   = "%%CITATION = ARXIV:1712.07160;%%"
}

@article{Chan:2011aa,
      author         = "Chan, Yuk Fung and Low, Matthew and Morrissey, David E.
                        and Spray, Andrew P.",
      title          = "{LHC Signatures of a Minimal Supersymmetric Hidden
                        Valley}",
      journal        = "JHEP",
      volume         = "05",
      year           = "2012",
      pages          = "155",
      doi            = "10.1007/JHEP05(2012)155",
      eprint         = "1112.2705",
      archivePrefix  = "arXiv",
      primaryClass   = "hep-ph",
      SLACcitation   = "%%CITATION = ARXIV:1112.2705;%%"
}

@article{Curtin:2014cca,
      author         = "Curtin, David and Essig, Rouven and Gori, Stefania and
                        Shelton, Jessie",
      title          = "{Illuminating Dark Photons with High-Energy Colliders}",
      journal        = "JHEP",
      volume         = "02",
      year           = "2015",
      pages          = "157",
      doi            = "10.1007/JHEP02(2015)157",
      eprint         = "1412.0018",
      archivePrefix  = "arXiv",
      primaryClass   = "hep-ph",
      reportNumber   = "YITP-SB-14-49",
      SLACcitation   = "%%CITATION = ARXIV:1412.0018;%%"
}

@article{Strassler:2006im,
      author         = "Strassler, Matthew J. and Zurek, Kathryn M.",
      title          = "{Echoes of a hidden valley at hadron colliders}",
      journal        = "Phys. Lett.",
      volume         = "B651",
      year           = "2007",
      pages          = "374-379",
      doi            = "10.1016/j.physletb.2007.06.055",
      eprint         = "hep-ph/0604261",
      archivePrefix  = "arXiv",
      primaryClass   = "hep-ph",
      SLACcitation   = "%%CITATION = HEP-PH/0604261;%%"
}

@article{Schwaller:2015gea,
      author         = "Schwaller, Pedro and Stolarski, Daniel and Weiler,
                        Andreas",
      title          = "{Emerging Jets}",
      journal        = "JHEP",
      volume         = "05",
      year           = "2015",
      pages          = "059",
      doi            = "10.1007/JHEP05(2015)059",
      eprint         = "1502.05409",
      archivePrefix  = "arXiv",
      primaryClass   = "hep-ph",
      reportNumber   = "CERN-PH-TH-2015-031, DESY-15-026",
      SLACcitation   = "%%CITATION = ARXIV:1502.05409;%%"
}

@article{Strassler:2006ri,
      author         = "Strassler, Matthew J. and Zurek, Kathryn M.",
      title          = "{Discovering the Higgs through highly-displaced
                        vertices}",
      journal        = "Phys. Lett.",
      volume         = "B661",
      year           = "2008",
      pages          = "263-267",
      doi            = "10.1016/j.physletb.2008.02.008",
      eprint         = "hep-ph/0605193",
      archivePrefix  = "arXiv",
      primaryClass   = "hep-ph",
      SLACcitation   = "%%CITATION = HEP-PH/0605193;%%"
}

@article{Curtin:2013fra,
      author         = "Curtin, David and others",
      title          = "{Exotic decays of the 125 GeV Higgs boson}",
      journal        = "Phys. Rev.",
      volume         = "D90",
      year           = "2014",
      number         = "7",
      pages          = "075004",
      doi            = "10.1103/PhysRevD.90.075004",
      eprint         = "1312.4992",
      archivePrefix  = "arXiv",
      primaryClass   = "hep-ph",
      reportNumber   = "YITP-13-47, PITT-PACC-1314",
      SLACcitation   = "%%CITATION = ARXIV:1312.4992;%%"
}

@article{Han:2007ae,
      author         = "Han, Tao and Si, Zongguo and Zurek, Kathryn M. and
                        Strassler, Matthew J.",
      title          = "{Phenomenology of hidden valleys at hadron colliders}",
      journal        = "JHEP",
      volume         = "07",
      year           = "2008",
      pages          = "008",
      doi            = "10.1088/1126-6708/2008/07/008",
      eprint         = "0712.2041",
      archivePrefix  = "arXiv",
      primaryClass   = "hep-ph",
      reportNumber   = "MADPH-07-1502, SDU-HEP-071201, RUNHETC-2007-31",
      SLACcitation   = "%%CITATION = ARXIV:0712.2041;%%"
}

@article{Cohen:2015toa,
      author         = "Cohen, Timothy and Lisanti, Mariangela and Lou, Hou
                        Keong",
      title          = "{Semivisible Jets: Dark Matter Undercover at the LHC}",
      journal        = "Phys. Rev. Lett.",
      volume         = "115",
      year           = "2015",
      number         = "17",
      pages          = "171804",
      doi            = "10.1103/PhysRevLett.115.171804",
      eprint         = "1503.00009",
      archivePrefix  = "arXiv",
      primaryClass   = "hep-ph",
      SLACcitation   = "%%CITATION = ARXIV:1503.00009;%%"
}

@article{Schabinger:2005ei,
      author         = "Schabinger, Robert M. and Wells, James D.",
      title          = "{A Minimal spontaneously broken hidden sector and its
                        impact on Higgs boson physics at the large hadron
                        collider}",
      journal        = "Phys. Rev.",
      volume         = "D72",
      year           = "2005",
      pages          = "093007",
      doi            = "10.1103/PhysRevD.72.093007",
      eprint         = "hep-ph/0509209",
      archivePrefix  = "arXiv",
      primaryClass   = "hep-ph",
      SLACcitation   = "%%CITATION = HEP-PH/0509209;%%"
}

@article{Renner:2018fhh,
      author         = "Renner, Sophie and Schwaller, Pedro",
      title          = "{A flavoured dark sector}",
      year           = "2018",
      eprint         = "1803.08080",
      archivePrefix  = "arXiv",
      primaryClass   = "hep-ph",
      SLACcitation   = "%%CITATION = ARXIV:1803.08080;%%"
}

@article{Gershtein:2017tsv,
      author         = "Gershtein, Yuri",
      title          = "{CMS Hardware Track Trigger: New Opportunities for
                        Long-Lived Particle Searches at the HL-LHC}",
      journal        = "Phys. Rev.",
      volume         = "D96",
      year           = "2017",
      number         = "3",
      pages          = "035027",
      doi            = "10.1103/PhysRevD.96.035027",
      eprint         = "1705.04321",
      archivePrefix  = "arXiv",
      primaryClass   = "hep-ph",
      SLACcitation   = "%%CITATION = ARXIV:1705.04321;%%"
}

@article{Curtin:2018mvb,
      author         = "Curtin, David and others",
      title          = "{Long-Lived Particles at the Energy Frontier: The
                        MATHUSLA Physics Case}",
      year           = "2018",
      eprint         = "1806.07396",
      archivePrefix  = "arXiv",
      primaryClass   = "hep-ph",
      SLACcitation   = "%%CITATION = ARXIV:1806.07396;%%"
}

@article{Aaij:2014nma,
      author         = "Aaij, Roel and others",
      title          = "{Search for long-lived particles decaying to jet pairs}",
      collaboration  = "LHCb",
      journal        = "Eur. Phys. J.",
      volume         = "C75",
      year           = "2015",
      number         = "4",
      pages          = "152",
      doi            = "10.1140/epjc/s10052-015-3344-6",
      eprint         = "1412.3021",
      archivePrefix  = "arXiv",
      primaryClass   = "hep-ex",
      reportNumber   = "LHCB-PAPER-2014-062, CERN-PH-EP-2014-291,
                        LHCB-PAPER-2014-062-AND-CERN-PH-EP-2014-291",
      SLACcitation   = "%%CITATION = ARXIV:1412.3021;%%"
}

@article{Aaij:2012rt,
      author         = "Aaij, R. and others",
      title          = "{Search for the rare decay $K_S \to \mu^+ \mu^-$}",
      collaboration  = "LHCb",
      journal        = "JHEP",
      volume         = "01",
      year           = "2013",
      pages          = "090",
      doi            = "10.1007/JHEP01(2013)090",
      eprint         = "1209.4029",
      archivePrefix  = "arXiv",
      primaryClass   = "hep-ex",
      reportNumber   = "CERN-PH-EP-2012-267, LHCB-PAPER-2012-023",
      SLACcitation   = "%%CITATION = ARXIV:1209.4029;%%"
}

@article{Pierce:2017taw,
      author         = "Pierce, Aaron and Shakya, Bibhushan and Tsai, Yuhsin and
                        Zhao, Yue",
      title          = "{Searching for confining hidden valleys at LHCb, ATLAS,
                        and CMS}",
      journal        = "Phys. Rev.",
      volume         = "D97",
      year           = "2018",
      number         = "9",
      pages          = "095033",
      doi            = "10.1103/PhysRevD.97.095033",
      eprint         = "1708.05389",
      archivePrefix  = "arXiv",
      primaryClass   = "hep-ph",
      reportNumber   = "MCTP-17-13, PP-017-28",
      SLACcitation   = "%%CITATION = ARXIV:1708.05389;%%"
}

@article{Aaij:2016yip,
      author         = "Aaij, Roel and others",
      title          = "{Measurement of $CP$ violation in $B^0 \!\rightarrow D^+
                        D^-$ decays}",
      collaboration  = "LHCb",
      journal        = "Phys. Rev. Lett.",
      volume         = "117",
      year           = "2016",
      number         = "26",
      pages          = "261801",
      doi            = "10.1103/PhysRevLett.117.261801",
      eprint         = "1608.06620",
      archivePrefix  = "arXiv",
      primaryClass   = "hep-ex",
      reportNumber   = "LHCB-PAPER-2016-037, CERN-EP-2016-203",
      SLACcitation   = "%%CITATION = ARXIV:1608.06620;%%"
}

@article{Aaij:2017rft,
      author         = "Aaij, Roel and others",
      title          = "{Search for Dark Photons Produced in 13 TeV $pp$
                        Collisions}",
      collaboration  = "LHCb",
      journal        = "Phys. Rev. Lett.",
      volume         = "120",
      year           = "2018",
      number         = "6",
      pages          = "061801",
      doi            = "10.1103/PhysRevLett.120.061801",
      eprint         = "1710.02867",
      archivePrefix  = "arXiv",
      primaryClass   = "hep-ex",
      reportNumber   = "LHCB-PAPER-2017-038, CERN-EP-2017-248",
      SLACcitation   = "%%CITATION = ARXIV:1710.02867;%%"
}

@techreport{CMS-PAS-EXO-18-001,
      title         = "{Search for new particles decaying to a jet and an
                       emerging jet}",
      institution   = "CERN",
      collaboration = "CMS Collaboration",
      address       = "Geneva",
      number        = "CMS-PAS-EXO-18-001",
      year          = "2018",
      reportNumber  = "CMS-PAS-EXO-18-001",
      url           = "https://cds.cern.ch/record/2625123",
}

@article{ATLAS:2016jza,
      author         = "The ATLAS collaboration",
      title          = "{Search for long-lived neutral particles decaying into
                        displaced lepton jets in proton--proton collisions at
                        $\sqrt{s}$ = 13 TeV with the ATLAS detector}",
      collaboration  = "ATLAS",
      year           = "2016",
      reportNumber   = "ATLAS-CONF-2016-042",
      SLACcitation   = "%%CITATION = ATLAS-CONF-2016-042;%%"
}

@article{Alwall:2014hca,
      author         = "Alwall, J. and Frederix, R. and Frixione, S. and Hirschi,
                        V. and Maltoni, F. and Mattelaer, O. and Shao, H. -S. and
                        Stelzer, T. and Torrielli, P. and Zaro, M.",
      title          = "{The automated computation of tree-level and
                        next-to-leading order differential cross sections, and
                        their matching to parton shower simulations}",
      journal        = "JHEP",
      volume         = "07",
      year           = "2014",
      pages          = "079",
      doi            = "10.1007/JHEP07(2014)079",
      eprint         = "1405.0301",
      archivePrefix  = "arXiv",
      primaryClass   = "hep-ph",
      reportNumber   = "CERN-PH-TH-2014-064, CP3-14-18, LPN14-066, MCNET-14-09,
                        ZU-TH-14-14",
      SLACcitation   = "%%CITATION = ARXIV:1405.0301;%%"
}

@conference{Linthorne:2018abc,
   author = "Linthorne, D. and Stolarski, D",
   title = "work in progress",
  year = "2018 "
}

@article{Rovere:2134627,
      author        = "Rovere, M",
      title         = "{CMS reconstruction improvements for the tracking in large
                       pileup events}",
      journal       = "J. Phys.: Conf. Ser.",
      number        = "7",
      volume        = "664",
      pages         = "072040. 8 p",
      year          = "2015",
      url           = "https://cds.cern.ch/record/2134627",
}

@techreport{ATL-PHYS-PUB-2017-014,
      title         = "{Performance of the reconstruction of large impact
                       parameter tracks in the ATLAS inner detector}",
      institution   = "CERN",
      collaboration = "ATLAS Collaboration",
      address       = "Geneva",
      number        = "ATL-PHYS-PUB-2017-014",
      month         = "Jul",
      year          = "2017",
      reportNumber  = "ATL-PHYS-PUB-2017-014",
      url           = "https://cds.cern.ch/record/2275635",
}

