@article{Aaij:2016rxn,
      author         = "Aaij, R. and others",
      title          = "{Tesla : an application for real-time data analysis in
                        High Energy Physics}",
      journal        = "Comput. Phys. Commun.",
      volume         = "208",
      year           = "2016",
      pages          = "35-42",
      doi            = "10.1016/j.cpc.2016.07.022",
      eprint         = "1604.05596",
      archivePrefix  = "arXiv",
      primaryClass   = "physics.ins-det",
      reportNumber   = "CERN-LHCB-DP-2016-001",
      SLACcitation   = "%%CITATION = ARXIV:1604.05596;%%"
}
  
@article{Ilten:2015hya,
      author         = "Ilten, Philip and Thaler, Jesse and Williams, Mike and
                        Xue, Wei",
      title          = "{Dark photons from charm mesons at LHCb}",
      journal        = "Phys. Rev.",
      volume         = "D92",
      year           = "2015",
      number         = "11",
      pages          = "115017",
      doi            = "10.1103/PhysRevD.92.115017",
      eprint         = "1509.06765",
      archivePrefix  = "arXiv",
      primaryClass   = "hep-ph",
      reportNumber   = "MIT-CTP-4702",
      SLACcitation   = "%%CITATION = ARXIV:1509.06765;%%"
}

@article{Ilten:2016tkc,
      author         = "Ilten, Philip and Soreq, Yotam and Thaler, Jesse and
                        Williams, Mike and Xue, Wei",
      title          = "{Proposed Inclusive Dark Photon Search at LHCb}",
      journal        = "Phys. Rev. Lett.",
      volume         = "116",
      year           = "2016",
      number         = "25",
      pages          = "251803",
      doi            = "10.1103/PhysRevLett.116.251803",
      eprint         = "1603.08926",
      archivePrefix  = "arXiv",
      primaryClass   = "hep-ph",
      reportNumber   = "MIT-CTP-4785",
      SLACcitation   = "%%CITATION = ARXIV:1603.08926;%%"
}


@lhcbreport{LHCb-TDR-012,
      collaboration = "LHCb collaboration",
      title         = "{Framework TDR for the LHCb Upgrade: Technical Design
                       Report}",
      institution   = "CERN",
      address       = "Geneva",
      number        = "{CERN-LHCC-2012-007}",
      note          = "LHCb-TDR-012",
      year          = "2012",
}
@lhcbreport{LHCb-TDR-013,
      collaboration = "LHCb collaboration",
      title         = "{LHCb VELO Upgrade Technical Design Report}",
      institution   = "CERN",
      address       = "Geneva",
      number        = "{CERN-LHCC-2013-021}",
      note          = "LHCb-TDR-013",
      year          = "2013",
}
@lhcbreport{LHCb-TDR-015,
      collaboration = "LHCb collaboration",
      title         = "{LHCb Tracker Upgrade Technical Design Report}",
      institution   = "CERN",
      address       = "Geneva",
      number        = "{CERN-LHCC-2014-001}",
      note          = "LHCb-TDR-015",
      year          = "2014",
}
@techreport{Aaij:2244312,
      author        = "Aaij, Roel and Albrecht, Johannes and Couturier, Ben and Esen, Sevda and De Cian, Michel and De Vries, Jacco Andreas and Dziurda, Agnieszka and Fitzpatrick, Conor and Fontana, Marianna and Grillo, Lucia and Hasse, Christoph and Jones, Christopher Rob and Le Gac, Renaud and Matev, Rosen and Neufeld, Niko and Nikodem, Thomas and Polci, Francesco and Del Buono, Luigi and Quagliani, Renato and Schwemmer, Rainer and Seyfert, Paul and Stahl, Sascha and Szumlak, Tomasz and Vesterinen, Mika Anton and Wanczyk, Joanna and Williams, Mark Richard James and Yin, Hang and Zacharjasz, Emilia Anna",
      title         = "{Upgrade trigger: Biannual performance update}",
      institution   = "CERN",
      address       = "Geneva",
      number        = "LHCb-PUB-2017-005. CERN-LHCb-PUB-2017-005",
      month         = "Feb",
      year          = "2017",
      reportNumber  = "LHCb-PUB-2017-005",
      url           = "https://cds.cern.ch/record/2244312",
}

@article{Aaij:2017mic,
      author         = "Aaij, R. and others",
      title          = "{Updated search for long-lived particles decaying to jet
                                            pairs}",
      collaboration  = "LHCb",
      journal        = "Eur. Phys. J.",
      volume         = "C77",
      year           = "2017",
      number         = "12",
      pages          = "812",
      doi            = "10.1140/epjc/s10052-017-5178-x",
      eprint         = "1705.07332",
      archivePrefix  = "arXiv",
      primaryClass   = "hep-ex",
      reportNumber   = "LHCB-PAPER-2016-065, CERN-EP-2017-083",
      SLACcitation   = "%%CITATION = ARXIV:1705.07332;%%"
}
@article{Aaij:2016isa,
      author         = "Aaij, Roel and others",
      title          = "{Search for Higgs-like bosons decaying into long-lived
                                            exotic particles}",
      collaboration  = "LHCb",
      journal        = "Eur. Phys. J.",
      volume         = "C76",
      year           = "2016",
      number         = "12",
      pages          = "664",
      doi            = "10.1140/epjc/s10052-016-4489-7",
      eprint         = "1609.03124",
      archivePrefix  = "arXiv",
      primaryClass   = "hep-ex",
      reportNumber   = "LHCB-PAPER-2016-014, CERN-EP-2016-188,
                      LHCB-PAPER-2016-014-CERN-EP-2016-188",
      SLACcitation   = "%%CITATION = ARXIV:1609.03124;%%"
}
@article{Pierce:2017taw,
      author         = "Pierce, Aaron and Shakya, Bibhushan and Tsai, Yuhsin and
                                  Zhao, Yue",
      title          = "{Searching for Confining Hidden Valleys at the LHC(b)}",
      year           = "2017",
      eprint         = "1708.05389",
      archivePrefix  = "arXiv",
      primaryClass   = "hep-ph",
      reportNumber   = "MCTP-17-13, PP-017-28",
      SLACcitation   = "%%CITATION = ARXIV:1708.05389;%%"
}
@article{Aaij:2017rft,
      author         = "Aaij, Roel and others",
      title          = "{Search for dark photons produced in 13 TeV $pp$
                                  collisions}",
      collaboration  = "LHCb",
      year           = "2017",
      eprint         = "1710.02867",
      archivePrefix  = "arXiv",
      primaryClass   = "hep-ex",
      reportNumber   = "LHCB-PAPER-2017-038, CERN-EP-2017-248",
      SLACcitation   = "%%CITATION = ARXIV:1710.02867;%%"
}


@article{Aaij:2016xmb,
      author         = "Aaij, Roel and others",
      title          = "{Search for massive long-lived particles decaying
                        semileptonically in the LHCb detector}",
      collaboration  = "LHCb",
      journal        = "Eur. Phys. J.",
      volume         = "C77",
      year           = "2017",
      number         = "4",
      pages          = "224",
      doi            = "10.1140/epjc/s10052-017-4744-6",
      eprint         = "1612.00945",
      archivePrefix  = "arXiv",
      primaryClass   = "hep-ex",
      reportNumber   = "CERN-EP-2016-283, LHCB-PAPER-2016-047",
      SLACcitation   = "%%CITATION = ARXIV:1612.00945;%%"
}



@article{Schwaller:2015gea,
      author         = "Schwaller, Pedro and Stolarski, Daniel and Weiler, Andreas",
      title          = "{Emerging Jets}",
      journal        = "JHEP",
      volume         = "05",
      year           = "2015",
      pages          = "059",
      doi            = "10.1007/JHEP05(2015)059",
      eprint         = "1502.05409",
      archivePrefix  = "arXiv",
      primaryClass   = "hep-ph",
      reportNumber   = "CERN-PH-TH-2015-031, DESY-15-026",
      SLACcitation   = "%%CITATION = ARXIV:1502.05409;%%"
}
