@article{Sirunyan:2017sbs,
      author         = "Sirunyan, Albert M and others",
      title          = "{Search for decays of stopped exotic long-lived particles
                        produced in proton-proton collisions at $\sqrt{s}=$ 13
                        TeV}",
      collaboration  = "CMS",
      journal        = "Submitted to: JHEP",
      year           = "2017",
      eprint         = "1801.00359",
      archivePrefix  = "arXiv",
      primaryClass   = "hep-ex",
      reportNumber   = "CMS-EXO-16-004, CERN-EP-2017-330",
      SLACcitation   = "%%CITATION = ARXIV:1801.00359;%%"
}


@article{Cottin:2018kmq,
      author         = "Cottin, Giovanna and Helo, Juan Carlos and Hirsch,
                        Martin",
      title          = "{Searches for light sterile neutrinos with multitrack
                        displaced vertices}",
      journal        = "Phys. Rev.",
      volume         = "D97",
      year           = "2018",
      number         = "5",
      pages          = "055025",
      doi            = "10.1103/PhysRevD.97.055025",
      eprint         = "1801.02734",
      archivePrefix  = "arXiv",
      primaryClass   = "hep-ph",
      SLACcitation   = "%%CITATION = ARXIV:1801.02734;%%"
}

@article{Nemevsek:2018bbt,
      author         = "Nemev≈°ek, Miha and Nesti, Fabrizio and Popara, Goran",
      title          = "{Keung-Senjanovi\'c process at LHC: from LNV to displaced
                        vertices to invisible decays}",
      year           = "2018",
      eprint         = "1801.05813",
      archivePrefix  = "arXiv",
      primaryClass   = "hep-ph",
      SLACcitation   = "%%CITATION = ARXIV:1801.05813;%%"
}

@article{Kling:2018wct,
      author         = "Kling, Felix and Trojanowski, Sebastian",
      title          = "{Heavy Neutral Leptons at FASER}",
      year           = "2018",
      eprint         = "1801.08947",
      archivePrefix  = "arXiv",
      primaryClass   = "hep-ph",
      reportNumber   = "UCI-TR-2017-18",
      SLACcitation   = "%%CITATION = ARXIV:1801.08947;%%"
}

@article{Ilic:2017sdh,
      author         = "Ilic, Nikolina",
      title          = "{The ATLAS Fast Tracker and Tracking at the
                        High-Luminosity LHC}",
      booktitle      = "{Proceedings, Topical Workshop on Electronics for
                        Particle Physics (TWEPP 2016): Karlsruhe, Germany}",
      collaboration  = "ATLAS",
      journal        = "JINST",
      volume         = "12",
      year           = "2017",
      number         = "02",
      pages          = "C02052",
      doi            = "10.1088/1748-0221/12/02/C02052",
      reportNumber   = "ATL-DAQ-PROC-2016-032",
      SLACcitation   = "%%CITATION = JINST,12,C02052;%%"
}

@article{CMS:2016pod,
      author         = "CMS Collaboration",
      title          = "{Search for dark matter in final states with an energetic
                        jet, or a hadronically decaying W or Z boson using
                        $12.9~\mathrm{fb}^{-1}$ of data at $\sqrt{s} =
                        13~\mathrm{TeV}$}",
      collaboration  = "CMS",
      year           = "2016",
      reportNumber   = "CMS-PAS-EXO-16-037",
      SLACcitation   = "%%CITATION = CMS-PAS-EXO-16-037;%%"
}

@article{Aaboud:2016tnv,
      author         = "Aaboud, Morad and others",
      title          = "{Search for new phenomena in final states with an
                        energetic jet and large missing transverse momentum in
                        $pp$ collisions at $\sqrt{s}=13$ TeV using the ATLAS
                        detector}",
      collaboration  = "ATLAS",
      journal        = "Phys. Rev.",
      volume         = "D94",
      year           = "2016",
      number         = "3",
      pages          = "032005",
      doi            = "10.1103/PhysRevD.94.032005",
      eprint         = "1604.07773",
      archivePrefix  = "arXiv",
      primaryClass   = "hep-ex",
      reportNumber   = "CERN-EP-2016-075",
      SLACcitation   = "%%CITATION = ARXIV:1604.07773;%%"

}

@article{Ito:2017dpm,
      author         = "Ito, Hayato and Jinnouchi, Osamu and Moroi, Takeo and
                        Nagata, Natsumi and Otono, Hidetoshi",
      title          = "{Extending the LHC Reach for New Physics with
                        Sub-Millimeter Displaced Vertices}",
      journal        = "Phys. Lett.",
      volume         = "B771",
      year           = "2017",
      pages          = "568-575",
      doi            = "10.1016/j.physletb.2017.06.003",
      eprint         = "1702.08613",
      archivePrefix  = "arXiv",
      primaryClass   = "hep-ph",
      reportNumber   = "UT-17-07, KYUSHU-RCAPP-2017-02",
      SLACcitation   = "%%CITATION = ARXIV:1702.08613;%%"
}

@article{Ito:2018asa,
      author         = "Ito, Hayato and Jinnouchi, Osamu and Moroi, Takeo and
                        Nagata, Natsumi and Otono, Hidetoshi",
      title          = "{Searching for Metastable Particles with Sub-Millimeter
                        Displaced Vertices at Hadron Colliders}",
      year           = "2018",
      eprint         = "1803.00234",
      archivePrefix  = "arXiv",
      primaryClass   = "hep-ph",
      reportNumber   = "UT-18-03, KYUSHU-RCAPP-2018-01, UT-18-03,
                        KYUSHU-RCAPP-2018-01",
      SLACcitation   = "%%CITATION = ARXIV:1803.00234;%%"
}

@article{Aad:2011hz,
      author         = "Aad, Georges and others",
      title          = "{Search for heavy long-lived charged particles with the
                        ATLAS detector in $pp$ collisions at $\sqrt{s}=$ 7 TeV}",
      collaboration  = "ATLAS",
      journal        = "Phys. Lett.",
      volume         = "B703",
      year           = "2011",
      pages          = "428-446",
      doi            = "10.1016/j.physletb.2011.08.042",
      eprint         = "1106.4495",
      archivePrefix  = "arXiv",
      primaryClass   = "hep-ex",
      reportNumber   = "CERN-PH-EP-2011-077",
      SLACcitation   = "%%CITATION = ARXIV:1106.4495;%%"
}

@techreport{Collaboration:2285584,
      author        = "Collaboration, ATLAS",
      title         = "{Technical Design Report for the Phase-II Upgrade of the
                       ATLAS TDAQ System}",
      institution   = "CERN",
      address       = "Geneva",
      number        = "CERN-LHCC-2017-020. ATLAS-TDR-029",
      month         = "Sep",
      year          = "2017",
      reportNumber  = "CERN-LHCC-2017-020",
      url           = "https://cds.cern.ch/record/2285584",
}

@techreport{Collaboration:2285585,
      author        = "Collaboration, ATLAS",
      title         = "{Technical Design Report for the ATLAS Inner Tracker Pixel
                       Detector}",
      institution   = "CERN",
      address       = "Geneva",
      number        = "CERN-LHCC-2017-021. ATLAS-TDR-030",
      month         = "Sep",
      year          = "2017",
      reportNumber  = "CERN-LHCC-2017-021",
      url           = "http://cds.cern.ch/record/2285585",
}

@unpublished{henningkeller2018,
title= {Displaced Muons at HL-LHC with CMS},
author = {Keller, Henning},
year = {2018},
note= {HE/HL-LHC Workshop at CERN, BSM WG3},
URL= {https://indico.cern.ch/event/686494/contributions/3034200/attachments/1669338/2677342/DisplacedMuonsAtCMS.pdf},
}
