%% This BibTeX bibliography file was created using BibDesk.
%% https://bibdesk.sourceforge.io/

%% Created for Felix Kling at 2019-02-11 14:55:04 -0800 


%% Saved with string encoding Unicode (UTF-8) 



@article{Hochberg:2018rjs,
	Archiveprefix = {arXiv},
	Author = {Hochberg, Yonit and Kuflik, Eric and Mcgehee, Robert and Murayama, Hitoshi and Schutz, Katelin},
	Date-Added = {2019-02-11 22:46:06 +0000},
	Date-Modified = {2019-02-11 22:46:06 +0000},
	Doi = {10.1103/PhysRevD.98.115031},
	Eprint = {1806.10139},
	Journal = {Phys. Rev.},
	Number = {11},
	Pages = {115031},
	Primaryclass = {hep-ph},
	Reportnumber = {DESY-18-101, IPMU18-0114},
	Slaccitation = {%%CITATION = ARXIV:1806.10139;%%},
	Title = {{Strongly interacting massive particles through the axion portal}},
	Volume = {D98},
	Year = {2018},
	Bdsk-Url-1 = {https://doi.org/10.1103/PhysRevD.98.115031}}

@article{Dercks:2018eua,
	Archiveprefix = {arXiv},
	Author = {Dercks, Daniel and De Vries, Jordy and Dreiner, Herbi K. and Wang, Zeren Simon},
	Date-Added = {2019-02-11 22:41:49 +0000},
	Date-Modified = {2019-02-11 22:41:49 +0000},
	Eprint = {1810.03617},
	Primaryclass = {hep-ph},
	Slaccitation = {%%CITATION = ARXIV:1810.03617;%%},
	Title = {{R-parity Violation and Light Neutralinos at CODEX-b, FASER, and MATHUSLA}},
	Year = {2018}}

@article{Berlin:2018jbm,
	Archiveprefix = {arXiv},
	Author = {Berlin, Asher and Kling, Felix},
	Date-Added = {2019-02-11 19:50:23 +0000},
	Date-Modified = {2019-02-11 19:50:23 +0000},
	Doi = {10.1103/PhysRevD.99.015021},
	Eprint = {1810.01879},
	Journal = {Phys. Rev.},
	Number = {1},
	Pages = {015021},
	Primaryclass = {hep-ph},
	Slaccitation = {%%CITATION = ARXIV:1810.01879;%%},
	Title = {{Inelastic Dark Matter at the LHC Lifetime Frontier: ATLAS, CMS, LHCb, CODEX-b, FASER, and MATHUSLA}},
	Volume = {D99},
	Year = {2019},
	Bdsk-Url-1 = {https://doi.org/10.1103/PhysRevD.99.015021}}

@article{Ariga:2018zuc,
	Archiveprefix = {arXiv},
	Author = {Ariga, Akitaka and others},
	Collaboration = {FASER},
	Date-Added = {2019-02-11 19:49:40 +0000},
	Date-Modified = {2019-02-11 19:49:40 +0000},
	Eprint = {1811.10243},
	Primaryclass = {physics.ins-det},
	Reportnumber = {CERN-LHCC-2018-030, LHCC-I-032, UCI-TR-2018-18, KYUSHU-RCAPP-2018-05},
	Slaccitation = {%%CITATION = ARXIV:1811.10243;%%},
	Title = {{Letter of Intent for FASER: ForwArd Search ExpeRiment at the LHC}},
	Year = {2018}}

@article{Ariga:2018uku,
	Archiveprefix = {arXiv},
	Author = {Ariga, Akitaka and others},
	Collaboration = {FASER},
	Date-Added = {2019-02-11 19:49:39 +0000},
	Date-Modified = {2019-02-11 19:49:39 +0000},
	Eprint = {1811.12522},
	Primaryclass = {hep-ph},
	Reportnumber = {UCI-TR-2018-19, KYUSHU-RCAPP-2018-06},
	Slaccitation = {%%CITATION = ARXIV:1811.12522;%%},
	Title = {{FASER's Physics Reach for Long-Lived Particles}},
	Year = {2018}}

@article{Feng:2017uoz,
	Archiveprefix = {arXiv},
	Author = {Feng, Jonathan L. and Galon, Iftah and Kling, Felix and Trojanowski, Sebastian},
	Date-Added = {2019-02-11 19:49:25 +0000},
	Date-Modified = {2019-02-11 19:49:25 +0000},
	Doi = {10.1103/PhysRevD.97.035001},
	Eprint = {1708.09389},
	Journal = {Phys. Rev.},
	Number = {3},
	Pages = {035001},
	Primaryclass = {hep-ph},
	Reportnumber = {UCI-TR-2017-08},
	Slaccitation = {%%CITATION = ARXIV:1708.09389;%%},
	Title = {{ForwArd Search ExpeRiment at the LHC}},
	Volume = {D97},
	Year = {2018},
	Bdsk-Url-1 = {https://doi.org/10.1103/PhysRevD.97.035001}}

@article{Ariga:2018pin,
	Archiveprefix = {arXiv},
	Author = {Ariga, Akitaka and others},
	Collaboration = {FASER},
	Date-Added = {2019-02-11 19:47:13 +0000},
	Date-Modified = {2019-02-11 19:47:13 +0000},
	Eprint = {1812.09139},
	Primaryclass = {physics.ins-det},
	Reportnumber = {CERN-LHCC-2018-036, LHCC-P-013, UCI-TR-2018-22, KYUSHU-RCAPP-2018-07},
	Slaccitation = {%%CITATION = ARXIV:1812.09139;%%},
	Title = {{Technical Proposal for FASER: ForwArd Search ExpeRiment at the LHC}},
	Year = {2018}}

@article{FLUKAstudy,
	Author = {{CERN Sources, Targets, and Interactions Group} and Sabate-Gilarte, Marta and Cerutti, Francesco and Tsinganis, Andrea},
	Date-Added = {2018-04-27 22:53:53 +0000},
	Date-Modified = {2018-04-27 22:54:31 +0000},
	Title = {{Characterization of the radiation field for the FASER experiment}}}

@book{Ferrari:2005zk,
	Address = {Geneva},
	Author = {Ferrari, A and Sala, Paola R and Fass{\~A}Â², A and Ranft, Johannes},
	Publisher = {CERN},
	Reportnumber = {CERN-2005-010, SLAC-R-773, INFN-TC-05-11},
	Series = {CERN Yellow Reports: Monographs},
	Slaccitation = {%%CITATION = CERN-2005-010;%%},
	Title = {{FLUKA: A Multi-particle Transport Code (Program Version 2005)}},
	Url = {http://cds.cern.ch/record/898301},
	Year = {2005},
	Bdsk-Url-1 = {http://cds.cern.ch/record/898301}}

@article{Bohlen:2014buj,
	Author = {B{\"o}hlen, T. T. and Cerutti, F. and Chin, M. P. W. and Fass{\`o}, A. and Ferrari, A. and Ortega, P. G. and Mairani, A. and Sala, P. R. and Smirnov, G. and Vlachoudis, V.},
	Doi = {10.1016/j.nds.2014.07.049},
	Journal = {Nucl. Data Sheets},
	Pages = {211-214},
	Slaccitation = {%%CITATION = NDTSB,120,211;%%},
	Title = {{The FLUKA Code: Developments and Challenges for High Energy and Medical Applications}},
	Volume = {120},
	Year = {2014},
	Bdsk-Url-1 = {https://doi.org/10.1016/j.nds.2014.07.049}}

@article{Ariga:2019ufm,
	Archiveprefix = {arXiv},
	Author = {Ariga, Akitaka and others},
	Collaboration = {FASER},
	Date-Added = {2019-02-11 19:46:45 +0000},
	Date-Modified = {2019-02-11 19:46:45 +0000},
	Eprint = {1901.04468},
	Primaryclass = {hep-ex},
	Reportnumber = {UCI-TR-2019-01, KYUSHU-RCAPP-2018-08},
	Slaccitation = {%%CITATION = ARXIV:1901.04468;%%},
	Title = {{FASER: ForwArd Search ExpeRiment at the LHC}},
	Year = {2019}}

@article{Schmidt:2016jra,
	Author = {Schmidt, Burkhard},
	Booktitle = {{Proceedings, 13th International Workshop on Hadron Physics: Angra dos Reis, Rio de Janeiro, Brazil, March 22-27, 2015}},
	Doi = {10.1088/1742-6596/706/2/022002},
	Journal = {J. Phys. Conf. Ser.},
	Number = {2},
	Pages = {022002},
	Slaccitation = {%%CITATION = 00462,706,022002;%%},
	Title = {{The High-Luminosity upgrade of the LHC: Physics and Technology Challenges for the Accelerator and the Experiments}},
	Volume = {706},
	Year = {2016},
	Bdsk-Url-1 = {https://doi.org/10.1088/1742-6596/706/2/022002}}

@article{Sirunyan:2018mtv,
	Archiveprefix = {arXiv},
	Author = {Sirunyan, Albert M and others},
	Collaboration = {CMS},
	Doi = {10.1103/PhysRevLett.120.221801},
	Eprint = {1802.02965},
	Journal = {Phys. Rev. Lett.},
	Pages = {221801},
	Primaryclass = {hep-ex},
	Reportnumber = {CMS-EXO-17-012, CERN-EP-2018-006},
	Slaccitation = {%%CITATION = ARXIV:1802.02965;%%},
	Title = {{Search for heavy neutral leptons in events with three charged leptons in proton-proton collisions at $\sqrt{s} =$ 13 TeV}},
	Volume = {120},
	Year = {2018},
	Bdsk-Url-1 = {https://doi.org/10.1103/PhysRevLett.120.221801}}

@techreport{Collaboration:2272264,
	Address = {Geneva},
	Author = {Collaboration, CMS},
	Institution = {CERN},
	Month = {Jun},
	Number = {CERN-LHCC-2017-009. CMS-TDR-014},
	Reportnumber = {CERN-LHCC-2017-009},
	Title = {{The Phase-2 Upgrade of the CMS Tracker}},
	Url = {https://cds.cern.ch/record/2272264},
	Year = {2017},
	Bdsk-Url-1 = {https://cds.cern.ch/record/2272264}}

@techreport{FTR-16-005,
	Author = {{CMS Collaboration}},
	Collaboration = {CMS},
	Number = {CMS-PAS-FTR-16-005},
	Title = {{Estimated Sensitivity for New Particle Searches at the HL-LHC}},
	Type = {CMS Physics Analysis Summary},
	Url = {http://cdsweb.cern.ch/record/xxx},
	Year = {2017},
	Bdsk-Url-1 = {http://cdsweb.cern.ch/record/xxx}}

@article{Ruderman:2010kj,
	Archiveprefix = {arXiv},
	Author = {Ruderman, Joshua T. and Shih, David},
	Doi = {10.1007/JHEP11(2010)046},
	Eprint = {1009.1665},
	Journal = {JHEP},
	Pages = {046},
	Primaryclass = {hep-ph},
	Slaccitation = {%%CITATION = ARXIV:1009.1665;%%},
	Title = {{Slepton co-NLSPs at the Tevatron}},
	Volume = {11},
	Year = {2010},
	Bdsk-Url-1 = {https://doi.org/10.1007/JHEP11(2010)046}}

@techreport{Colaleo:2021453,
	Author = {Colaleo, A and Safonov, A and Sharma, A and Tytgat, M},
	Month = {Jun},
	Number = {CERN-LHCC-2015-012. CMS-TDR-013},
	Reportnumber = {CERN-LHCC-2015-012},
	Title = {{CMS Technical Design Report for the Muon Endcap GEM Upgrade}},
	Url = {https://cds.cern.ch/record/2021453},
	Year = {2015},
	Bdsk-Url-1 = {https://cds.cern.ch/record/2021453}}

@techreport{Lourenco:2283192,
	Address = {Geneva},
	Author = {Lourenco, Carlos},
	Institution = {CERN},
	Month = {Sep},
	Number = {CERN-LHCC-2017-013. CMS-TDR-017},
	Reportnumber = {CERN-LHCC-2017-013},
	Title = {{The Phase-2 Upgrade of the CMS L1 Trigger Interim Technical Design Report}},
	Url = {https://cds.cern.ch/record/2283192},
	Year = {2017},
	Bdsk-Url-1 = {https://cds.cern.ch/record/2283192}}

@article{Gershtein:2017tsv,
	Archiveprefix = {arXiv},
	Author = {Gershtein, Yuri},
	Doi = {10.1103/PhysRevD.96.035027},
	Eprint = {1705.04321},
	Journal = {Phys. Rev.},
	Number = {3},
	Pages = {035027},
	Primaryclass = {hep-ph},
	Slaccitation = {%%CITATION = ARXIV:1705.04321;%%},
	Title = {{CMS Hardware Track Trigger: New Opportunities for Long-Lived Particle Searches at the HL-LHC}},
	Volume = {D96},
	Year = {2017},
	Bdsk-Url-1 = {https://doi.org/10.1103/PhysRevD.96.035027}}

@article{Ball:2016zrp,
	Archiveprefix = {arXiv},
	Author = {Ball, Austin and others},
	Eprint = {1607.04669},
	Primaryclass = {physics.ins-det},
	Slaccitation = {%%CITATION = ARXIV:1607.04669;%%},
	Title = {{A Letter of Intent to Install a milli-charged Particle Detector at LHC P5}},
	Year = {2016}}

@article{Izaguirre:2015eya,
	Archiveprefix = {arXiv},
	Author = {Izaguirre, Eder and Yavin, Itay},
	Doi = {10.1103/PhysRevD.92.035014},
	Eprint = {1506.04760},
	Journal = {Phys. Rev.},
	Number = {3},
	Pages = {035014},
	Primaryclass = {hep-ph},
	Slaccitation = {%%CITATION = ARXIV:1506.04760;%%},
	Title = {{New window to millicharged particles at the LHC}},
	Volume = {D92},
	Year = {2015},
	Bdsk-Url-1 = {https://doi.org/10.1103/PhysRevD.92.035014}}

@article{Sher:2017wya,
	Archiveprefix = {arXiv},
	Author = {Sher, Marc and Stevens, Justin},
	Doi = {10.1016/j.physletb.2017.12.022},
	Eprint = {1710.06894},
	Journal = {Phys. Lett.},
	Pages = {246-249},
	Primaryclass = {hep-ph},
	Slaccitation = {%%CITATION = ARXIV:1710.06894;%%},
	Title = {{Detecting a heavy neutrino electric dipole moment at the LHC}},
	Volume = {B777},
	Year = {2018},
	Bdsk-Url-1 = {https://doi.org/10.1016/j.physletb.2017.12.022}}

@article{Aielli:2006cj,
	Author = {Aielli, G. and others},
	Collaboration = {Argo-YBJ},
	Doi = {10.1016/j.nima.2006.02.136},
	Journal = {Nucl. Instrum. Meth.},
	Pages = {92-96},
	Slaccitation = {%%CITATION = NUIMA,A562,92;%%},
	Title = {{Layout and performance of RPCs used in the Argo-YBJ experiment}},
	Volume = {A562},
	Year = {2006},
	Bdsk-Url-1 = {https://doi.org/10.1016/j.nima.2006.02.136}}

@article{Iuppa:2015hna,
	Author = {Iuppa, R.},
	Booktitle = {{Proceedings, 12th Workshop on Resistive Plate Chambers and Related Detectors: Beijing, China, 23-28 Feb 2014}},
	Doi = {10.1088/1748-0221/10/04/C04044},
	Journal = {JINST},
	Number = {04},
	Pages = {C04044},
	Slaccitation = {%%CITATION = JINST,10,C04044;%%},
	Title = {{Potential of RPCs in cosmic ray experiments for the next decade}},
	Volume = {10},
	Year = {2015},
	Bdsk-Url-1 = {https://doi.org/10.1088/1748-0221/10/04/C04044}}

@article{Curtin:2017izq,
	Archiveprefix = {arXiv},
	Author = {Curtin, David and Peskin, Michael E.},
	Doi = {10.1103/PhysRevD.97.015006},
	Eprint = {1705.06327},
	Journal = {Phys. Rev.},
	Number = {1},
	Pages = {015006},
	Primaryclass = {hep-ph},
	Reportnumber = {SLAC-PUB-16981},
	Slaccitation = {%%CITATION = ARXIV:1705.06327;%%},
	Title = {{Analysis of Long Lived Particle Decays with the MATHUSLA Detector}},
	Volume = {D97},
	Year = {2018},
	Bdsk-Url-1 = {https://doi.org/10.1103/PhysRevD.97.015006}}

@article{Co:2016fln,
	Archiveprefix = {arXiv},
	Author = {Co, Raymond T. and D'Eramo, Francesco and Hall, Lawrence J.},
	Doi = {10.1007/JHEP03(2017)005},
	Eprint = {1611.05028},
	Journal = {JHEP},
	Pages = {005},
	Primaryclass = {hep-ph},
	Reportnumber = {SCIPP-16-13},
	Slaccitation = {%%CITATION = ARXIV:1611.05028;%%},
	Title = {{Gravitino or Axino Dark Matter with Reheat Temperature as high as $10^{16}$ GeV}},
	Volume = {03},
	Year = {2017},
	Bdsk-Url-1 = {https://doi.org/10.1007/JHEP03(2017)005}}

@article{Dev:2017dui,
	Archiveprefix = {arXiv},
	Author = {Dev, P. S. Bhupal and Mohapatra, Rabindra N. and Zhang, Yongchao},
	Doi = {10.1016/j.nuclphysb.2017.07.021},
	Eprint = {1703.02471},
	Journal = {Nucl. Phys.},
	Pages = {179-221},
	Primaryclass = {hep-ph},
	Reportnumber = {ULB-TH-17-05, UMD-PP-017-21},
	Slaccitation = {%%CITATION = ARXIV:1703.02471;%%},
	Title = {{Long Lived Light Scalars as Probe of Low Scale Seesaw Models}},
	Volume = {B923},
	Year = {2017},
	Bdsk-Url-1 = {https://doi.org/10.1016/j.nuclphysb.2017.07.021}}

@article{Evans:2017kti,
	Archiveprefix = {arXiv},
	Author = {Evans, Jared A. and Gori, Stefania and Shelton, Jessie},
	Doi = {10.1007/JHEP02(2018)100},
	Eprint = {1712.03974},
	Journal = {JHEP},
	Pages = {100},
	Primaryclass = {hep-ph},
	Slaccitation = {%%CITATION = ARXIV:1712.03974;%%},
	Title = {{Looking for the WIMP Next Door}},
	Volume = {02},
	Year = {2018},
	Bdsk-Url-1 = {https://doi.org/10.1007/JHEP02(2018)100}}

@article{DAgnolo:2018wcn,
	Archiveprefix = {arXiv},
	Author = {D'Agnolo, Raffaele Tito and Mondino, Cristina and Ruderman, Joshua T. and Wang, Po-Jen},
	Doi = {10.1007/JHEP08(2018)079},
	Eprint = {1803.02901},
	Journal = {JHEP},
	Pages = {079},
	Primaryclass = {hep-ph},
	Reportnumber = {CERN-TH-2018-032},
	Slaccitation = {%%CITATION = ARXIV:1803.02901;%%},
	Title = {{Exponentially Light Dark Matter from Coannihilation}},
	Volume = {08},
	Year = {2018},
	Bdsk-Url-1 = {https://doi.org/10.1007/JHEP08(2018)079}}

@article{Deppisch:2018eth,
	Archiveprefix = {arXiv},
	Author = {Deppisch, Frank F. and Liu, Wei and Mitra, Manimala},
	Doi = {10.1007/JHEP08(2018)181},
	Eprint = {1804.04075},
	Journal = {JHEP},
	Pages = {181},
	Primaryclass = {hep-ph},
	Reportnumber = {IP/BBSR/2018-4, IP-BBSR-2018-4},
	Slaccitation = {%%CITATION = ARXIV:1804.04075;%%},
	Title = {{Long-lived Heavy Neutrinos from Higgs Decays}},
	Volume = {08},
	Year = {2018},
	Bdsk-Url-1 = {https://doi.org/10.1007/JHEP08(2018)181}}

@article{Jana:2018rdf,
	Archiveprefix = {arXiv},
	Author = {Jana, Sudip and Okada, Nobuchika and Raut, Digesh},
	Doi = {10.1103/PhysRevD.98.035023},
	Eprint = {1804.06828},
	Journal = {Phys. Rev.},
	Number = {3},
	Pages = {035023},
	Primaryclass = {hep-ph},
	Reportnumber = {OSU-HEP-18-02, FERMILAB-PUB-18-176-T},
	Slaccitation = {%%CITATION = ARXIV:1804.06828;%%},
	Title = {{Displaced vertex signature of type-I seesaw model}},
	Volume = {D98},
	Year = {2018},
	Bdsk-Url-1 = {https://doi.org/10.1103/PhysRevD.98.035023}}

@article{Curtin:2018mvb,
	Archiveprefix = {arXiv},
	Author = {Curtin, David and others},
	Eprint = {1806.07396},
	Primaryclass = {hep-ph},
	Slaccitation = {%%CITATION = ARXIV:1806.07396;%%},
	Title = {{Long-Lived Particles at the Energy Frontier: The MATHUSLA Physics Case}},
	Year = {2018}}

@article{Aaboud:2016mmw,
	Archiveprefix = {arXiv},
	Author = {Aaboud, M. and others (ATLAS Collaboration)},
	Collaboration = {ATLAS},
	Date-Added = {2018-04-27 23:17:27 +0000},
	Date-Modified = {2018-04-27 23:17:27 +0000},
	Doi = {10.1103/PhysRevLett.117.182002},
	Eprint = {1606.02625},
	Journal = {Phys. Rev. Lett.},
	Pages = {182002},
	Primaryclass = {hep-ex},
	Reportnumber = {CERN-EP-2016-140},
	Slaccitation = {%%CITATION = ARXIV:1606.02625;%%},
	Title = {{Measurement of the Inelastic Proton-Proton Cross Section at $\sqrt{s} = 13$ TeV with the ATLAS Detector at the LHC}},
	Volume = {117},
	Year = {2016},
	Bdsk-Url-1 = {http://dx.doi.org/10.1103/PhysRevLett.117.182002}}

@article{VanHaevermaet:2016gnh,
	Archiveprefix = {arXiv},
	Author = {Van Haevermaet, H.},
	Booktitle = {{Proceedings, 24th International Workshop on Deep-Inelastic Scattering and Related Subjects (DIS 2016): Hamburg, Germany, April 11-15, 2016}},
	Collaboration = {CMS},
	Date-Added = {2018-04-27 23:17:37 +0000},
	Date-Modified = {2018-04-27 23:17:37 +0000},
	Eprint = {1607.02033},
	Journal = {PoS},
	Pages = {198},
	Primaryclass = {hep-ex},
	Reportnumber = {CMS-CR-2016-133},
	Slaccitation = {%%CITATION = ARXIV:1607.02033;%%},
	Title = {{Measurement of the inelastic proton-proton cross section at $\sqrt{s} = 13$ TeV}},
	Volume = {DIS2016},
	Year = {2016}}

@article{Feng:2017vli,
	Archiveprefix = {arXiv},
	Author = {Feng, Jonathan L. and Galon, Iftah and Kling, Felix and Trojanowski, Sebastian},
	Doi = {10.1103/PhysRevD.97.055034},
	Eprint = {1710.09387},
	Journal = {Phys. Rev.},
	Number = {5},
	Pages = {055034},
	Primaryclass = {hep-ph},
	Reportnumber = {UCI-TR-2017-12},
	Slaccitation = {%%CITATION = ARXIV:1710.09387;%%},
	Title = {{Dark Higgs bosons at the ForwArd Search ExpeRiment}},
	Volume = {D97},
	Year = {2018},
	Bdsk-Url-1 = {https://doi.org/10.1103/PhysRevD.97.055034}}

@article{Kling:2018wct,
	Archiveprefix = {arXiv},
	Author = {Kling, Felix and Trojanowski, Sebastian},
	Doi = {10.1103/PhysRevD.97.095016},
	Eprint = {1801.08947},
	Journal = {Phys. Rev.},
	Number = {9},
	Pages = {095016},
	Primaryclass = {hep-ph},
	Reportnumber = {UCI-TR-2017-18},
	Slaccitation = {%%CITATION = ARXIV:1801.08947;%%},
	Title = {{Heavy Neutral Leptons at FASER}},
	Volume = {D97},
	Year = {2018},
	Bdsk-Url-1 = {https://doi.org/10.1103/PhysRevD.97.095016}}

@article{Gardner:2015wea,
	Archiveprefix = {arXiv},
	Author = {Gardner, S. and Holt, R. J. and Tadepalli, A. S.},
	Date-Added = {2017-07-24 21:44:38 +0000},
	Date-Modified = {2017-07-24 21:44:38 +0000},
	Doi = {10.1103/PhysRevD.93.115015},
	Eprint = {1509.00050},
	Journal = {Phys. Rev.},
	Pages = {115015},
	Primaryclass = {hep-ph},
	Slaccitation = {%%CITATION = ARXIV:1509.00050;%%},
	Title = {{New Prospects in Fixed Target Searches for Dark Forces with the SeaQuest Experiment at Fermilab}},
	Volume = {D93},
	Year = {2016},
	Bdsk-Url-1 = {http://dx.doi.org/10.1103/PhysRevD.93.115015}}

@article{Ilten:2015hya,
	Archiveprefix = {arXiv},
	Author = {Ilten, Philip and Thaler, Jesse and Williams, Mike and Xue, Wei},
	Date-Added = {2018-04-27 23:06:43 +0000},
	Date-Modified = {2018-04-27 23:06:43 +0000},
	Doi = {10.1103/PhysRevD.92.115017},
	Eprint = {1509.06765},
	Journal = {Phys. Rev.},
	Pages = {115017},
	Primaryclass = {hep-ph},
	Reportnumber = {MIT-CTP-4702},
	Slaccitation = {%%CITATION = ARXIV:1509.06765;%%},
	Title = {{Dark photons from charm mesons at LHCb}},
	Volume = {D92},
	Year = {2015},
	Bdsk-Url-1 = {http://dx.doi.org/10.1103/PhysRevD.92.115017}}

@inproceedings{Moreno:2013mja,
	Archiveprefix = {arXiv},
	Author = {Moreno, Omar},
	Booktitle = {{Meeting of the APS Division of Particles and Fields (DPF 2013) Santa Cruz, California, USA, August 13-17, 2013}},
	Date-Added = {2018-04-27 23:07:12 +0000},
	Date-Modified = {2018-04-27 23:07:12 +0000},
	Eprint = {1310.2060},
	Primaryclass = {physics.ins-det},
	Slaccitation = {%%CITATION = ARXIV:1310.2060;%%},
	Title = {{The Heavy Photon Search Experiment at Jefferson Lab}},
	Year = {2013},
	Bdsk-Url-1 = {http://inspirehep.net/record/1257606/files/arXiv:1310.2060.pdf}}

@article{Adams:2013qkq,
	Archiveprefix = {arXiv},
	Author = {Adams, C. and others},
	Collaboration = {LBNE},
	Date-Added = {2018-04-27 23:01:27 +0000},
	Date-Modified = {2018-04-27 23:01:27 +0000},
	Eprint = {1307.7335},
	Primaryclass = {hep-ex},
	Reportnumber = {BNL-101354-2013-JA, BNL-101354-2014-JA, FERMILAB-PUB-14-022, LA-UR-14-20881},
	Slaccitation = {%%CITATION = ARXIV:1307.7335;%%},
	Title = {{The Long-Baseline Neutrino Experiment: Exploring Fundamental Symmetries of the Universe}},
	Year = {2013}}

@article{Drewes:2018gkc,
	Archiveprefix = {arXiv},
	Author = {Drewes, Marco and Hajer, Jan and Klaric, Juraj and Lanfranchi, Gaia},
	Doi = {10.1007/JHEP07(2018)105},
	Eprint = {1801.04207},
	Journal = {JHEP},
	Pages = {105},
	Primaryclass = {hep-ph},
	Slaccitation = {%%CITATION = ARXIV:1801.04207;%%},
	Title = {{NA62 sensitivity to heavy neutral leptons in the low scale seesaw model}},
	Volume = {07},
	Year = {2018},
	Bdsk-Url-1 = {https://doi.org/10.1007/JHEP07(2018)105}}

@article{Batell:2017kty,
	Archiveprefix = {arXiv},
	Author = {Batell, Brian and Freitas, Ayres and Ismail, Ahmed and Mckeen, David},
	Doi = {10.1103/PhysRevD.98.055026},
	Eprint = {1712.10022},
	Journal = {Phys. Rev.},
	Number = {5},
	Pages = {055026},
	Primaryclass = {hep-ph},
	Slaccitation = {%%CITATION = ARXIV:1712.10022;%%},
	Title = {{Flavor-specific scalar mediators}},
	Volume = {D98},
	Year = {2018},
	Bdsk-Url-1 = {https://doi.org/10.1103/PhysRevD.98.055026}}

@article{Helo:2018qej,
	Archiveprefix = {arXiv},
	Author = {Helo, Juan Carlos and Hirsch, Martin and Wang, Zeren Simon},
	Date-Added = {2018-04-27 22:51:05 +0000},
	Date-Modified = {2018-04-27 22:51:05 +0000},
	Eprint = {1803.02212},
	Primaryclass = {hep-ph},
	Reportnumber = {BONN-TH-2018-01, IFIC/18-08, BONN-TH-2018-01, IFIC-18-08},
	Slaccitation = {%%CITATION = ARXIV:1803.02212;%%},
	Title = {{Heavy neutral fermions at the high-luminosity LHC}},
	Year = {2018}}

@article{Bauer:2018onh,
	Archiveprefix = {arXiv},
	Author = {Bauer, Martin and Foldenauer, Patrick and Jaeckel, Joerg},
	Doi = {10.1007/JHEP07(2018)094},
	Eprint = {1803.05466},
	Journal = {JHEP},
	Pages = {094},
	Primaryclass = {hep-ph},
	Slaccitation = {%%CITATION = ARXIV:1803.05466;%%},
	Title = {{Hunting All the Hidden Photons}},
	Volume = {07},
	Year = {2018},
	Bdsk-Url-1 = {https://doi.org/10.1007/JHEP07(2018)094}}

@article{Feng:2018pew,
	Archiveprefix = {arXiv},
	Author = {Feng, Jonathan L. and Galon, Iftah and Kling, Felix and Trojanowski, Sebastian},
	Doi = {10.1103/PhysRevD.98.055021},
	Eprint = {1806.02348},
	Journal = {Phys. Rev.},
	Number = {5},
	Pages = {055021},
	Primaryclass = {hep-ph},
	Reportnumber = {UCI-TR-2018-02},
	Slaccitation = {%%CITATION = ARXIV:1806.02348;%%},
	Title = {{Axionlike particles at FASER: The LHC as a photon beam dump}},
	Volume = {D98},
	Year = {2018},
	Bdsk-Url-1 = {https://doi.org/10.1103/PhysRevD.98.055021}}
